@ARTICLE{Bahcall1995,
   author = {{Bahcall}, J.~N. and {Pinsonneault}, M.~H. and {Wasserburg}, G.~J.
	},
    title = "{Solar models with helium and heavy-element diffusion}",
  journal = {Reviews of Modern Physics},
   eprint = {hep-ph/9505425},
     year = 1995,
    month = oct,
   volume = 67,
    pages = {781-808},
      doi = {10.1103/RevModPhys.67.781},
   adsurl = {http://adsabs.harvard.edu/abs/1995RvMP...67..781B},
  adsnote = {Provided by the SAO/NASA Astrophysics Data System}
}

@ARTICLE{Balogh1999,
   author = {{Balogh}, A. and {Bothmer}, V. and {Crooker}, N.~U. and {Forsyth}, R.~J. and 
	{Gloeckler}, G. and {Hewish}, A. and {Hilchenbach}, M. and {Kallenbach}, R. and 
	{Klecker}, B. and {Linker}, J.~A. and {Lucek}, E. and {Mann}, G. and 
	{Marsch}, E. and {Posner}, A. and {Richardson}, I.~G. and {Schmidt}, J.~M. and 
	{Scholer}, M. and {Wang}, Y.-M. and {Wimmer-Schweingruber}, R.~F. and 
	{Aellig}, M.~R. and {Bochsler}, P. and {Hefti}, S. and {Miki{\'c}}, Z.
	},
    title = "{The Solar Origin of Corotating Interaction Regions and Their Formation in the Inner Heliosphere}",
  journal = {\ssr},
     year = 1999,
    month = jul,
   volume = 89,
    pages = {141-178},
      doi = {10.1023/A:1005245306874},
   adsurl = {http://adsabs.harvard.edu/abs/1999SSRv...89..141B},
  adsnote = {Provided by the SAO/NASA Astrophysics Data System}
}

@ARTICLE{Balogh2009,
   author = {{Balogh}, A. and {Jokipii}, J.~R.},
    title = "{The Heliospheric Magnetic Field and Its Extension to the Inner Heliosheath}",
  journal = {\ssr},
 keywords = {Heliosphere, Heliospheric magnetic field, Corotating interaction regions, Interplanetary coronal mass ejections, Inner heliosheath},
     year = 2009,
    month = mar,
   volume = 143,
    pages = {85-110},
      doi = {10.1007/s11214-008-9485-2},
   adsurl = {http://adsabs.harvard.edu/abs/2009SSRv..143...85B},
  adsnote = {Provided by the SAO/NASA Astrophysics Data System}
}

@ARTICLE{Banaszkiewicz1998,
   author = {{Banaszkiewicz}, M. and {Axford}, W.~I. and {McKenzie}, J.~F.
	},
    title = "{An analytic solar magnetic field model}",
  journal = {\aap},
 keywords = {SUN: CORONA, SUN: MAGNETIC FIELDS},
     year = 1998,
    month = sep,
   volume = 337,
    pages = {940-944},
   adsurl = {http://adsabs.harvard.edu/abs/1998A%26A...337..940B},
  adsnote = {Provided by the SAO/NASA Astrophysics Data System}
}

@ARTICLE{Bartels1934,
   author = {{Bartels}, J.},
    title = "{Twenty-seven day recurrences in terrestrial-magnetic and solar activity, 1923-1933}",
  journal = {Terrestrial Magnetism and Atmospheric Electricity (Journal of Geophysical Research)},
     year = 1934,
   volume = 39,
    pages = {201},
      doi = {10.1029/TE039i003p00201},
   adsurl = {http://adsabs.harvard.edu/abs/1934TeMAE..39..201B},
  adsnote = {Provided by the SAO/NASA Astrophysics Data System}
}

@ARTICLE{Bartels1949,
   author = {{Bartels}, J. and {Veldkamp}, J.},
    title = "{International Data on Magnetic Disturbances, First Quarter, 1949}",
  journal = {\jgr},
     year = 1949,
    month = sep,
   volume = 54,
    pages = {295-299},
      doi = {10.1029/JZ054i003p00295},
   adsurl = {http://adsabs.harvard.edu/abs/1949JGR....54..295B},
  adsnote = {Provided by the SAO/NASA Astrophysics Data System}
}

@ARTICLE{Bartels1962,
   author = {{Bartels}, J.},
    title = "{Zur Vorgeschichte der Weltraumforschung}",
  journal = {Naturwissenschaften},
     year = 1962,
    month = jul,
   volume = 49,
    pages = {313-323},
      doi = {10.1007/BF00602195},
   adsurl = {http://adsabs.harvard.edu/abs/1962NW.....49..313B},
  adsnote = {Provided by the SAO/NASA Astrophysics Data System}
}

@ARTICLE{Belcher1993,
   author = {{Belcher}, J.~W. and {Lazarus}, A.~J. and {McNutt}, Jr., R.~L. and 
	{Gordon}, Jr., G.~S.},
    title = "{Large-scale density structures in the outer heliosphere}",
  journal = {Advances in Space Research},
 keywords = {Heliosphere, Plasma Density, Solar Wind Velocity, Voyager 2 Spacecraft, Interstellar Magnetic Fields, Plasma Composition, Solar Protons},
     year = 1993,
    month = jun,
   volume = 13,
    pages = {41-46},
      doi = {10.1016/0273-1177(93)90388-R},
   adsurl = {http://adsabs.harvard.edu/abs/1993AdSpR..13...41B},
  adsnote = {Provided by the SAO/NASA Astrophysics Data System}
}

@ARTICLE{Billings1959,
   author = {{Billings}, D.~E.},
    title = "{Distribution of Matter with Temperature in the Emission Corona.}",
  journal = {\apj},
     year = 1959,
    month = nov,
   volume = 130,
    pages = {961},
      doi = {10.1086/146785},
   adsurl = {http://adsabs.harvard.edu/abs/1959ApJ...130..961B},
  adsnote = {Provided by the SAO/NASA Astrophysics Data System}
}

@ARTICLE{Bothmer1998,
   author = {{Bothmer}, V. and {Schwenn}, R.},
    title = "{The structure and origin of magnetic clouds in the solar wind}",
  journal = {Annales Geophysicae},
     year = 1998,
    month = jan,
   volume = 16,
    pages = {1-24},
      doi = {10.1007/s00585-997-0001-x},
   adsurl = {http://adsabs.harvard.edu/abs/1998AnGeo..16....1B},
  adsnote = {Provided by the SAO/NASA Astrophysics Data System}
}

@BOOK{Bothmer2007,
   author = {{Bothmer}, V. and {Daglis}, I.~A.},
    title = "{Space Weather -- Physics and Effects}",
 keywords = {Physics},
booktitle = {Space Weather- Physics and Effects},
     year = 2007,
publisher = {Praxis Publishing},
      doi = {10.1007/978-3-540-34578-7},
   adsurl = {http://adsabs.harvard.edu/abs/2007swpe.book.....B},
  adsnote = {Provided by the SAO/NASA Astrophysics Data System}
}

@ARTICLE{Cranmer2005,
   author = {{Cranmer}, S.~R. and {van Ballegooijen}, A.~A.},
    title = "{On the Generation, Propagation, and Reflection of Alfv{\'e}n Waves from the Solar Photosphere to the Distant Heliosphere}",
  journal = {\apjs},
   eprint = {astro-ph/0410639},
 keywords = {Magnetohydrodynamics: MHD, Sun: Solar Wind, Sun: Atmospheric Motions, Sun: Corona, Turbulence, Waves},
     year = 2005,
    month = feb,
   volume = 156,
    pages = {265-293},
      doi = {10.1086/426507},
   adsurl = {http://adsabs.harvard.edu/abs/2005ApJS..156..265C},
  adsnote = {Provided by the SAO/NASA Astrophysics Data System}
}

@ARTICLE{Christensen-Dalsgaard1991,
   author = {{Christensen-Dalsgaard}, J. and {Gough}, D.~O. and {Thompson}, M.~J.
	},
    title = "{The depth of the solar convection zone}",
  journal = {\apj},
 keywords = {Convective Flow, Helioseismology, Solar Interior, Solar Oscillations, Sound Propagation, Stellar Composition, Acoustic Velocity, Reynolds Number, Temperature Gradients},
     year = 1991,
    month = sep,
   volume = 378,
    pages = {413-437},
      doi = {10.1086/170441},
   adsurl = {http://adsabs.harvard.edu/abs/1991ApJ...378..413C},
  adsnote = {Provided by the SAO/NASA Astrophysics Data System}
}

@ARTICLE{Christensen-Dalsgaard1996,
   author = {{Christensen-Dalsgaard}, J. and {Dappen}, W. and {Ajukov}, S.~V. and 
	{Anderson}, E.~R. and {Antia}, H.~M. and {Basu}, S. and {Baturin}, V.~A. and 
	{Berthomieu}, G. and {Chaboyer}, B. and {Chitre}, S.~M. and 
	{Cox}, A.~N. and {Demarque}, P. and {Donatowicz}, J. and {Dziembowski}, W.~A. and 
	{Gabriel}, M. and {Gough}, D.~O. and {Guenther}, D.~B. and {Guzik}, J.~A. and 
	{Harvey}, J.~W. and {Hill}, F. and {Houdek}, G. and {Iglesias}, C.~A. and 
	{Kosovichev}, A.~G. and {Leibacher}, J.~W. and {Morel}, P. and 
	{Proffitt}, C.~R. and {Provost}, J. and {Reiter}, J. and {Rhodes}, Jr., E.~J. and 
	{Rogers}, F.~J. and {Roxburgh}, I.~W. and {Thompson}, M.~J. and 
	{Ulrich}, R.~K.},
    title = "{The Current State of Solar Modeling}",
  journal = {Science},
     year = 1996,
    month = may,
   volume = 272,
    pages = {1286-1292},
      doi = {10.1126/science.272.5266.1286},
   adsurl = {http://adsabs.harvard.edu/abs/1996Sci...272.1286C},
  adsnote = {Provided by the SAO/NASA Astrophysics Data System}
}

@ARTICLE{Danziger1970,
   author = {{Danziger}, I.~J.},
    title = "{The Cosmic Abundance of Helium}",
  journal = {\araa},
     year = 1970,
   volume = 8,
    pages = {161},
      doi = {10.1146/annurev.aa.08.090170.001113},
   adsurl = {http://adsabs.harvard.edu/abs/1970ARA%26A...8..161D},
  adsnote = {Provided by the SAO/NASA Astrophysics Data System}
}

@ARTICLE{Elliott2013,
   author = {{Elliott}, H.~A. and {Jahn}, J.-M. and {McComas}, D.~J.},
    title = "{The Kp index and solar wind speed relationship: Insights for improving space weather forecasts}",
  journal = {Space Weather},
 keywords = {space weather forecasts, Kp, solar wind speed},
     year = 2013,
    month = jun,
   volume = 11,
    pages = {339-349},
      doi = {10.1002/swe.20053},
   adsurl = {http://adsabs.harvard.edu/abs/2013SpWea..11..339E},
  adsnote = {Provided by the SAO/NASA Astrophysics Data System}
}

@ARTICLE{Fox2015,
   author = {{Fox}, N.~J. and {Velli}, M.~C. and {Bale}, S.~D. and {Decker}, R. and 
	{Driesman}, A. and {Howard}, R.~A. and {Kasper}, J.~C. and {Kinnison}, J. and 
	{Kusterer}, M. and {Lario}, D. and {Lockwood}, M.~K. and {McComas}, D.~J. and 
	{Raouafi}, N.~E. and {Szabo}, A.},
    title = "{The Solar Probe Plus Mission: Humanity's First Visit to Our Star}",
  journal = {\ssr},
 keywords = {Solar Probe Plus, SPP, Corona, Heliophysics, NASA mission, Solar wind},
     year = 2015,
    month = nov,
      doi = {10.1007/s11214-015-0211-6},
   adsurl = {http://adsabs.harvard.edu/abs/2015SSRv..tmp..105F},
  adsnote = {Provided by the SAO/NASA Astrophysics Data System}
}

@ARTICLE{Gurnett2013,
   author = {{Gurnett}, D.~A. and {Kurth}, W.~S. and {Burlaga}, L.~F. and 
	{Ness}, N.~F.},
    title = "{In Situ Observations of Interstellar Plasma with Voyager 1}",
  journal = {Science},
     year = 2013,
    month = sep,
   volume = 341,
    pages = {1489-1492},
      doi = {10.1126/science.1241681},
   adsurl = {http://adsabs.harvard.edu/abs/2013Sci...341.1489G},
  adsnote = {Provided by the SAO/NASA Astrophysics Data System}
}

@ARTICLE{Hapgood1992,
   author = {{Hapgood}, M.~A.},
    title = "{Space physics coordinate transformations - A user guide}",
  journal = {\planss},
 keywords = {Axes Of Rotation, Cartesian Coordinates, Coordinate Transformations, Geocentric Coordinates, Matrices (Mathematics), European Space Agency, Information Systems},
     year = 1992,
    month = may,
   volume = 40,
    pages = {711-717},
      doi = {10.1016/0032-0633(92)90012-D},
   adsurl = {http://adsabs.harvard.edu/abs/1992P%26SS...40..711H},
  adsnote = {Provided by the SAO/NASA Astrophysics Data System}
}

@ARTICLE{Hathaway2015,
   author = {{Hathaway}, D.~H.},
    title = "{The Solar Cycle}",
  journal = {Living Reviews in Solar Physics},
archivePrefix = "arXiv",
   eprint = {1502.07020},
 primaryClass = "astro-ph.SR",
 keywords = {Sunspots, Solar cycle, Solar cycle prediction, Solar activity},
     year = 2015,
    month = dec,
   volume = 12,
      eid = {4},
    pages = {4},
      doi = {10.1007/lrsp-2015-4},
   adsurl = {http://adsabs.harvard.edu/abs/2015LRSP...12....4H},
  adsnote = {Provided by the SAO/NASA Astrophysics Data System}
}

@ARTICLE{King2005,
   author = {{King}, J.~H. and {Papitashvili}, N.~E.},
    title = "{Solar wind spatial scales in and comparisons of hourly Wind and ACE plasma and magnetic field data}",
  journal = {Journal of Geophysical Research (Space Physics)},
 keywords = {Interplanetary Physics: Interplanetary magnetic fields, Interplanetary Physics: Solar wind plasma, Interplanetary Physics: Instruments and techniques, Interplanetary Physics: Solar cycle variations (7536), solar wind},
     year = 2005,
    month = feb,
   volume = 110,
      eid = {A02104},
    pages = {2104},
      doi = {10.1029/2004JA010649},
   adsurl = {http://adsabs.harvard.edu/abs/2005JGRA..110.2104K},
  adsnote = {Provided by the SAO/NASA Astrophysics Data System}
}

@ARTICLE{Leitner2007,
   author = {{Leitner}, M. and {Farrugia}, C.~J. and {M{\"o}stl}, C. and 
	{Ogilvie}, K.~W. and {Galvin}, A.~B. and {Schwenn}, R. and {Biernat}, H.~K.
	},
    title = "{Consequences of the force-free model of magnetic clouds for their heliospheric evolution}",
  journal = {Journal of Geophysical Research (Space Physics)},
 keywords = {Interplanetary Physics: Ejecta, driver gases, and magnetic clouds, Space Weather: Forecasting (2722), Interplanetary Physics: Solar wind plasma, Interplanetary Physics: Interplanetary magnetic fields, heliospheric evolution, solar, magnetic clouds},
     year = 2007,
    month = jun,
   volume = 112,
      eid = {A06113},
    pages = {6113},
      doi = {10.1029/2006JA011940},
   adsurl = {http://adsabs.harvard.edu/abs/2007JGRA..112.6113L},
  adsnote = {Provided by the SAO/NASA Astrophysics Data System}
}

@book{Lem1984,
    title = {His Master's Voice},
   author = {Lem, S. and Kandel, M.},
     isbn = {9780547543710},
      url = {http://books.google.de/books?id=nzgLf4zKph0C},
     year = {1984},
publisher = {Houghton Mifflin Harcourt}
}

@ARTICLE{Mamajek2015,
   author = {{Mamajek}, E.~E. and {Prsa}, A. and {Torres}, G. and {Harmanec}, P. and 
	{Asplund}, M. and {Bennett}, P.~D. and {Capitaine}, N. and {Christensen-Dalsgaard}, J. and 
	{Depagne}, E. and {Folkner}, W.~M. and {Haberreiter}, M. and 
	{Hekker}, S. and {Hilton}, J.~L. and {Kostov}, V. and {Kurtz}, D.~W. and 
	{Laskar}, J. and {Mason}, B.~D. and {Milone}, E.~F. and {Montgomery}, M.~M. and 
	{Richards}, M.~T. and {Schou}, J. and {Stewart}, S.~G.},
    title = "{IAU 2015 Resolution B3 on Recommended Nominal Conversion Constants for Selected Solar and Planetary Properties}",
  journal = {ArXiv e-prints},
archivePrefix = "arXiv",
   eprint = {1510.07674},
 primaryClass = "astro-ph.SR",
 keywords = {Astrophysics - Solar and Stellar Astrophysics, Astrophysics - Earth and Planetary Astrophysics, Astrophysics - Astrophysics of Galaxies, Astrophysics - High Energy Astrophysical Phenomena, Astrophysics - Instrumentation and Methods for Astrophysics},
     year = 2015,
    month = oct,
   adsurl = {http://adsabs.harvard.edu/abs/2015arXiv151007674M},
  adsnote = {Provided by the SAO/NASA Astrophysics Data System}
}

@ARTICLE{Maunder1904,
   author = {{Maunder}, E.~W.},
    title = "{Note on the distribution of sun-spots in heliographic latitude, 1874-1902}",
  journal = {\mnras},
     year = 1904,
    month = jun,
   volume = 64,
    pages = {747-761},
      doi = {10.1093/mnras/64.8.747},
   adsurl = {http://adsabs.harvard.edu/abs/1904MNRAS..64..747M},
  adsnote = {Provided by the SAO/NASA Astrophysics Data System}
}

@ARTICLE{McComas2008,
   author = {{McComas}, D.~J. and {Ebert}, R.~W. and {Elliott}, H.~A. and 
	{Goldstein}, B.~E. and {Gosling}, J.~T. and {Schwadron}, N.~A. and 
	{Skoug}, R.~M.},
    title = "{Weaker solar wind from the polar coronal holes and the whole Sun}",
  journal = {\grl},
 keywords = {Interplanetary Physics: Solar wind plasma, Interplanetary Physics: Solar cycle variations (7536), Interplanetary Physics: Interplanetary magnetic fields, Interplanetary Physics: Heliopause and solar wind termination, Interplanetary Physics: Solar wind sources},
     year = 2008,
    month = sep,
   volume = 35,
      eid = {L18103},
    pages = {L18103},
      doi = {10.1029/2008GL034896},
   adsurl = {http://adsabs.harvard.edu/abs/2008GeoRL..3518103M},
  adsnote = {Provided by the SAO/NASA Astrophysics Data System}
}

@ARTICLE{Miesch2005,
   author = {{Miesch}, M.~S.},
    title = "{Large-Scale Dynamics of the Convection Zone and Tachocline}",
  journal = {Living Reviews in Solar Physics},
 keywords = {Solar Interior},
     year = 2005,
    month = apr,
   volume = 2,
    pages = {1},
      doi = {10.12942/lrsp-2005-1},
   adsurl = {http://adsabs.harvard.edu/abs/2005LRSP....2....1M},
  adsnote = {Provided by the SAO/NASA Astrophysics Data System}
}

@ARTICLE{Newell2007,
   author = {{Newell}, P.~T. and {Sotirelis}, T. and {Liou}, K. and {Meng}, C.-I. and 
	{Rich}, F.~J.},
    title = "{A nearly universal solar wind-magnetosphere coupling function inferred from 10 magnetospheric state variables}",
  journal = {Journal of Geophysical Research (Space Physics)},
 keywords = {coupling, function, prediction., coupling, function, prediction},
     year = 2007,
    month = jan,
   volume = 112,
      eid = {A01206},
    pages = {A01206},
      doi = {10.1029/2006JA012015},
   adsurl = {http://adsabs.harvard.edu/abs/2007JGRA..112.1206N},
  adsnote = {Provided by the SAO/NASA Astrophysics Data System}
}

@ARTICLE{Newell2008,
   author = {{Newell}, P.~T. and {Sotirelis}, T. and {Liou}, K. and {Rich}, F.~J.
	},
    title = "{Pairs of solar wind-magnetosphere coupling functions: Combining a merging term with a viscous term works best}",
  journal = {Journal of Geophysical Research (Space Physics)},
 keywords = {Magnetospheric Physics: Solar wind/magnetosphere interactions, Magnetospheric Physics: Forecasting (7924, 7964), Magnetospheric Physics: Magnetospheric configuration and dynamics, Ionosphere: Modeling and forecasting, Coupling functions, merging, viscous},
     year = 2008,
    month = apr,
   volume = 113,
      eid = {A04218},
    pages = {A04218},
      doi = {10.1029/2007JA012825},
   adsurl = {http://adsabs.harvard.edu/abs/2008JGRA..113.4218N},
  adsnote = {Provided by the SAO/NASA Astrophysics Data System}
}

@ARTICLE{Opher2011,
   author = {{Opher}, M. and {Drake}, J.~F. and {Swisdak}, M. and {Schoeffler}, K.~M. and 
	{Richardson}, J.~D. and {Decker}, R.~B. and {Toth}, G.},
    title = "{Is the Magnetic Field in the Heliosheath Laminar or a Turbulent Sea of Bubbles?}",
  journal = {\apj},
archivePrefix = "arXiv",
   eprint = {1103.2236},
 primaryClass = "astro-ph.SR",
 keywords = {magnetic fields, magnetic reconnection, magnetohydrodynamics: MHD, plasmas, Sun: heliosphere},
     year = 2011,
    month = jun,
   volume = 734,
      eid = {71},
    pages = {71},
      doi = {10.1088/0004-637X/734/1/71},
   adsurl = {http://adsabs.harvard.edu/abs/2011ApJ...734...71O},
  adsnote = {Provided by the SAO/NASA Astrophysics Data System}
}

@ARTICLE{Owens2013,
   author = {{Owens}, M.~J. and {Forsyth}, R.~J.},
    title = "{The Heliospheric Magnetic Field}",
  journal = {Living Reviews in Solar Physics},
 keywords = {Heliosphere, Solar wind, Magnetic field  },
     year = 2013,
    month = nov,
   volume = 10,
    pages = {5},
      doi = {10.12942/lrsp-2013-5},
   adsurl = {http://adsabs.harvard.edu/abs/2013LRSP...10....5O},
  adsnote = {Provided by the SAO/NASA Astrophysics Data System}
}

@ARTICLE{Parker1958,
   author = {{Parker}, E.~N.},
    title = "{Dynamics of the Interplanetary Gas and Magnetic Fields.}",
  journal = {\apj},
     year = 1958,
    month = nov,
   volume = 128,
    pages = {664},
      doi = {10.1086/146579},
   adsurl = {http://adsabs.harvard.edu/abs/1958ApJ...128..664P},
  adsnote = {Provided by the SAO/NASA Astrophysics Data System}
}

@ARTICLE{Pizzo1991,
   author = {{Pizzo}, V.~J.},
    title = "{The evolution of corotating stream fronts near the ecliptic plane in the inner solar system. II - Three-dimensional tilted-dipole fronts}",
  journal = {\jgr},
 keywords = {Corotation, Ecliptic, Interplanetary Magnetic Fields, Plasma Interactions, Solar System, Magnetic Dipoles, Magnetic Field Configurations, Solar Corona, Solar Wind},
     year = 1991,
    month = apr,
   volume = 96,
    pages = {5405-5420},
      doi = {10.1029/91JA00155},
   adsurl = {http://adsabs.harvard.edu/abs/1991JGR....96.5405P},
  adsnote = {Provided by the SAO/NASA Astrophysics Data System}
}

@ARTICLE{Planck2016,
   author = {{Planck Collaboration} and {Ade}, P.~A.~R. and {Aghanim}, N. and 
	{Arnaud}, M. and {Ashdown}, M. and {Aumont}, J. and {Baccigalupi}, C. and 
	{Banday}, A.~J. and {Barreiro}, R.~B. and {Bartlett}, J.~G. and et al.},
    title = "{Planck 2015 results. XIII. Cosmological parameters}",
  journal = {\aap},
archivePrefix = "arXiv",
   eprint = {1502.01589},
 keywords = {cosmology: observations, cosmology: theory, cosmic background radiation, cosmological parameters},
     year = 2016,
    month = sep,
   volume = 594,
      eid = {A13},
    pages = {A13},
      doi = {10.1051/0004-6361/201525830},
   adsurl = {http://adsabs.harvard.edu/abs/2016A%26A...594A..13P},
  adsnote = {Provided by the SAO/NASA Astrophysics Data System}
}

@ARTICLE{Rangarajan1997,
   author = {{Rangarajan}, G.~K. and {Iyemori}, T.},
    title = "{Time variations of geomagnetic activity indices Kp and Ap: an update}",
  journal = {Annales Geophysicae},
     year = 1997,
    month = oct,
   volume = 15,
    pages = {1271-1290},
      doi = {10.1007/s00585-997-1271-z},
   adsurl = {http://adsabs.harvard.edu/abs/1997AnGeo..15.1271R},
  adsnote = {Provided by the SAO/NASA Astrophysics Data System}
}

@ARTICLE{Richardson1995,
   author = {{Richardson}, J.~D. and {Paularena}, K.~I. and {Lazarus}, A.~J. and 
	{Belcher}, J.~W.},
    title = "{Radial evolution of the solar wind from IMP 8 to Voyager 2}",
  journal = {\grl},
 keywords = {Plasma Density, Plasma Temperature, Radial Velocity, Solar Cycles, Solar Flux Density, Solar Rotation, Solar Wind, Explorer 50 Satellite, Velocity Measurement, Voyager 2 Spacecraft},
     year = 1995,
    month = feb,
   volume = 22,
    pages = {325-328},
      doi = {10.1029/94GL03273},
   adsurl = {http://adsabs.harvard.edu/abs/1995GeoRL..22..325R},
  adsnote = {Provided by the SAO/NASA Astrophysics Data System}
}

@ARTICLE{Richardson2000,
   author = {{Richardson}, I.~G. and {Cliver}, E.~W. and {Cane}, H.~V.},
    title = "{Sources of geomagnetic activity over the solar cycle: Relative importance of coronal mass ejections, high-speed streams, and slow solar wind}",
  journal = {\jgr},
 keywords = {Interplanetary Physics: Corotating streams, Interplanetary Physics: Ejecta, driver gases, and magnetic clouds, Interplanetary Physics: Solar cycle variations, Magnetospheric Physics: Storms and substorms},
     year = 2000,
    month = aug,
   volume = 105,
    pages = {18203},
      doi = {10.1029/1999JA000400},
   adsurl = {http://adsabs.harvard.edu/abs/2000JGR...10518203R},
  adsnote = {Provided by the SAO/NASA Astrophysics Data System}
}

@ARTICLE{Richardson2003,
   author = {{Richardson}, J.~D. and {Smith}, C.~W.},
    title = "{The radial temperature profile of the solar wind}",
  journal = {\grl},
 keywords = {Interplanetary Physics: Solar wind plasma, Interplanetary Physics: Interstellar gas, Interplanetary Physics: Pickup ions,},
     year = 2003,
    month = mar,
   volume = 30,
      eid = {1206},
    pages = {1206},
      doi = {10.1029/2002GL016551},
   adsurl = {http://adsabs.harvard.edu/abs/2003GeoRL..30.1206R},
  adsnote = {Provided by the SAO/NASA Astrophysics Data System}
}

@ARTICLE{Richardson2012,
   author = {{Richardson}, I.~G. and {Cane}, H.~V.},
    title = "{Near-earth solar wind flows and related geomagnetic activity during more than four solar cycles (1963-2011)}",
  journal = {Journal of Space Weather and Space Climate},
 keywords = {Stream, Solar cycle, Interplanetary Coronal Mass Ejection (CME), Interplanetary medium},
     year = 2012,
    month = may,
   volume = 2,
   number = 27,
      eid = {A02},
    pages = {A2},
      doi = {10.1051/swsc/2012003},
   adsurl = {http://adsabs.harvard.edu/abs/2012JSWSC...2A..02R},
  adsnote = {Provided by the SAO/NASA Astrophysics Data System}
}

@ARTICLE{Schatten1969,
   author = {{Schatten}, K.~H. and {Wilcox}, J.~M. and {Ness}, N.~F.},
    title = "{A model of interplanetary and coronal magnetic fields}",
  journal = {\solphys},
     year = 1969,
    month = mar,
   volume = 6,
    pages = {442-455},
      doi = {10.1007/BF00146478},
   adsurl = {http://adsabs.harvard.edu/abs/1969SoPh....6..442S},
  adsnote = {Provided by the SAO/NASA Astrophysics Data System}
}

@INPROCEEDINGS{Schwenn1983,
   author = {{Schwenn}, R.},
    title = "{The average solar wind in the inner heliosphere: Structures and slow variations}",
 keywords = {Helios 1, Helios 2, Heliosphere, Solar Cycles, Solar Wind, Solar Wind Velocity, Estimates, Shock Waves, Solar Corona, Variations},
booktitle = {NASA Conference Publication},
     year = 1983,
   series = {NASA Conference Publication},
   volume = 228,
    month = nov,
   adsurl = {http://adsabs.harvard.edu/abs/1983NASCP.2280.489S},
  adsnote = {Provided by the SAO/NASA Astrophysics Data System}
}

@INBOOK{Schwenn1990,
   author = {{Schwenn}, R.},
    title = "{Large-Scale Structure of the Interplanetary Medium}",
booktitle = {Physics of the Inner Heliosphere I},
     year = 1990,
   editor = {{Schwenn}, R. and {Marsch}, E.},
    pages = {99},
   adsurl = {http://adsabs.harvard.edu/abs/1990pihl.book...99S},
  adsnote = {Provided by the SAO/NASA Astrophysics Data System}
}

@ARTICLE{Sheeley1997,
   author = {{Sheeley}, N.~R. and {Wang}, Y.-M. and {Hawley}, S.~H. and {Brueckner}, G.~E. and 
	{Dere}, K.~P. and {Howard}, R.~A. and {Koomen}, M.~J. and {Korendyke}, C.~M. and 
	{Michels}, D.~J. and {Paswaters}, S.~E. and {Socker}, D.~G. and 
	{St.~Cyr}, O.~C. and {Wang}, D. and {Lamy}, P.~L. and {Llebaria}, A. and 
	{Schwenn}, R. and {Simnett}, G.~M. and {Plunkett}, S. and {Biesecker}, D.~A.
	},
    title = "{Measurements of Flow Speeds in the Corona Between 2 and 30 R$_{\odot}$}",
  journal = {\apj},
 keywords = {Sun: Solar Wind, Sun: Corona, Sun: Particle Emission},
     year = 1997,
    month = jul,
   volume = 484,
    pages = {472-478},
   adsurl = {http://adsabs.harvard.edu/abs/1997ApJ...484..472S},
  adsnote = {Provided by the SAO/NASA Astrophysics Data System}
}

@ARTICLE{Sittler1999,
   author = {{Sittler}, Jr., E.~C. and {Guhathakurta}, M.},
    title = "{Semiempirical Two-dimensional MagnetoHydrodynamic Model of the Solar Corona and Interplanetary Medium}",
  journal = {\apj},
 keywords = {INTERPLANETARY MEDIUM, MAGNETOHYDRODYNAMICS: MHD, SUN: SOLAR WIND, SUN: CORONA, SUN: MAGNETIC FIELDS, Interplanetary Medium, Magnetohydrodynamics: MHD, Sun: Solar Wind, Sun: Corona, Sun: Magnetic Fields},
     year = 1999,
    month = oct,
   volume = 523,
    pages = {812-826},
      doi = {10.1086/307742},
   adsurl = {http://adsabs.harvard.edu/abs/1999ApJ...523..812S},
  adsnote = {Provided by the SAO/NASA Astrophysics Data System}
}

@BOOK{Taylor1997,
   author = {{Taylor}, J.~R.},
    title = "{Introduction to Error Analysis, 2nd Ed. (cloth)}",
booktitle = {Introduction to Error Analysis, 2nd Ed.~(cloth), by John R.~Taylor.~Published by University Science Books, ISBN 0-935702-42-3, 327pp, 1997.},
     year = 1997,
   editor = "{Taylor, J.~R.}",
publisher = {University Science Books},
   adsurl = {http://adsabs.harvard.edu/abs/1997iea..book.....T},
  adsnote = {Provided by the SAO/NASA Astrophysics Data System}
}

@ARTICLE{Thompson2003,
   author = {{Thompson}, M.~J. and {Christensen-Dalsgaard}, J. and {Miesch}, M.~S. and 
	{Toomre}, J.},
    title = "{The Internal Rotation of the Sun}",
  journal = {\araa},
     year = 2003,
   volume = 41,
    pages = {599-643},
      doi = {10.1146/annurev.astro.41.011802.094848},
   adsurl = {http://adsabs.harvard.edu/abs/2003ARA%26A..41..599T},
  adsnote = {Provided by the SAO/NASA Astrophysics Data System}
}

@BOOK{USNO2015,
  title="{Astronomical Almanac for the Year 2016 and Its Companion, the Astronomical Almanac Online}",
  author={{U.S. Nautical Almanac Office}},
  isbn={9780707741581},
  series={Astronomical Almanac For the Year},
  url={https://books.google.de/books?id=Mc\_VuQN\_gVsC},
  year={2015},
  publisher={United States Department of Defense}
}

@ARTICLE{Zhao2013,
   author = {{Zhao}, J. and {Bogart}, R.~S. and {Kosovichev}, A.~G. and {Duvall}, Jr., T.~L. and 
	{Hartlep}, T.},
    title = "{Detection of Equatorward Meridional Flow and Evidence of Double-cell Meridional Circulation inside the Sun}",
  journal = {\apjl},
archivePrefix = "arXiv",
   eprint = {1307.8422},
 primaryClass = "astro-ph.SR",
 keywords = {Sun: helioseismology, Sun: interior, Sun: oscillations},
     year = 2013,
    month = sep,
   volume = 774,
      eid = {L29},
    pages = {L29},
      doi = {10.1088/2041-8205/774/2/L29},
   adsurl = {http://adsabs.harvard.edu/abs/2013ApJ...774L..29Z},
  adsnote = {Provided by the SAO/NASA Astrophysics Data System}
}
