
@ARTICLE{Sanchez_Almeida2010,
   author = {{S{\'a}nchez Almeida}, J. and {Bonet}, J.~A. and {Viticchi{\'e}}, B. and {Del Moro}, D.},
    title = "{Magnetic Bright Points in the Quiet Sun}",
  journal = {\apjl},
archivePrefix = "arXiv",
   eprint = {1004.1885},
 primaryClass = "astro-ph.SR",
 keywords = {Sun: activity, Sun: dynamo, Sun: granulation, Sun: photosphere, Sun: surface magnetism},
     year = 2010,
    month = may,
   volume = 715,
    pages = {L26-L29},
      doi = {10.1088/2041-8205/715/1/L26},
   adsurl = {http://adsabs.harvard.edu/abs/2010ApJ...715L..26S},
  adsnote = {Provided by the SAO/NASA Astrophysics Data System}
}

@ARTICLE{Bahcall1995,
   author = {{Bahcall}, J.~N. and {Pinsonneault}, M.~H. and {Wasserburg}, G.~J.},
    title = "{Solar models with helium and heavy-element diffusion}",
  journal = {Reviews of Modern Physics},
   eprint = {hep-ph/9505425},
     year = 1995,
    month = oct,
   volume = 67,
    pages = {781-808},
      doi = {10.1103/RevModPhys.67.781},
   adsurl = {http://adsabs.harvard.edu/abs/1995RvMP...67..781B},
  adsnote = {Provided by the SAO/NASA Astrophysics Data System}
}

@ARTICLE{Balogh1999,
   author = {{Balogh}, A. and {Bothmer}, V. and {Crooker}, N.~U. and {Forsyth}, R.~J. and {Gloeckler}, G. and {Hewish}, A. and {Hilchenbach}, M. and {Kallenbach}, R. and {Klecker}, B. and {Linker}, J.~A. and {Lucek}, E. and {Mann}, G. and {Marsch}, E. and {Posner}, A. and {Richardson}, I.~G. and {Schmidt}, J.~M. and {Scholer}, M. and {Wang}, Y.-M. and {Wimmer-Schweingruber}, R.~F. and {Aellig}, M.~R. and {Bochsler}, P. and {Hefti}, S. and {Miki{\'c}}, Z.},
    title = "{The Solar Origin of Corotating Interaction Regions and Their Formation in the Inner Heliosphere}",
  journal = {\ssr},
     year = 1999,
    month = jul,
   volume = 89,
    pages = {141-178},
      doi = {10.1023/A:1005245306874},
   adsurl = {http://adsabs.harvard.edu/abs/1999SSRv...89..141B},
  adsnote = {Provided by the SAO/NASA Astrophysics Data System}
}

@ARTICLE{Balogh2009,
   author = {{Balogh}, A. and {Jokipii}, J.~R.},
    title = "{The Heliospheric Magnetic Field and Its Extension to the Inner Heliosheath}",
  journal = {\ssr},
 keywords = {Heliosphere, Heliospheric magnetic field, Corotating interaction regions, Interplanetary coronal mass ejections, Inner heliosheath},
     year = 2009,
    month = mar,
   volume = 143,
    pages = {85-110},
      doi = {10.1007/s11214-008-9485-2},
   adsurl = {http://adsabs.harvard.edu/abs/2009SSRv..143...85B},
  adsnote = {Provided by the SAO/NASA Astrophysics Data System}
}

@ARTICLE{Banaszkiewicz1998,
   author = {{Banaszkiewicz}, M. and {Axford}, W.~I. and {McKenzie}, J.~F.},
    title = "{An analytic solar magnetic field model}",
  journal = {\aap},
 keywords = {SUN: CORONA, SUN: MAGNETIC FIELDS},
     year = 1998,
    month = sep,
   volume = 337,
    pages = {940-944},
   adsurl = {http://adsabs.harvard.edu/abs/1998A%26A...337..940B},
  adsnote = {Provided by the SAO/NASA Astrophysics Data System}
}

@ARTICLE{Bartels1934,
   author = {{Bartels}, J.},
    title = "{Twenty-seven day recurrences in terrestrial-magnetic and solar activity, 1923-1933}",
  journal = {Terrestrial Magnetism and Atmospheric Electricity (Journal of Geophysical Research)},
     year = 1934,
   volume = 39,
    pages = {201},
      doi = {10.1029/TE039i003p00201},
   adsurl = {http://adsabs.harvard.edu/abs/1934TeMAE..39..201B},
  adsnote = {Provided by the SAO/NASA Astrophysics Data System}
}

@ARTICLE{Bartels1939,
   author = {{Bartels}, J. and {Heck}, N.~H. and {Johnston}, H.~F.},
    title = "{The three-hour-range index measuring geomagnetic activity}",
  journal = {Terrestrial Magnetism and Atmospheric Electricity (Journal of Geophysical Research)},
     year = 1939,
   volume = 44,
    pages = {411},
      doi = {10.1029/TE044i004p00411},
   adsurl = {http://adsabs.harvard.edu/abs/1939TeMAE..44..411B},
  adsnote = {Provided by the SAO/NASA Astrophysics Data System}
}

@ARTICLE{Bartels1949,
   author = {{Bartels}, J. and {Veldkamp}, J.},
    title = "{International Data on Magnetic Disturbances, First Quarter, 1949}",
  journal = {\jgr},
     year = 1949,
    month = sep,
   volume = 54,
    pages = {295-299},
      doi = {10.1029/JZ054i003p00295},
   adsurl = {http://adsabs.harvard.edu/abs/1949JGR....54..295B},
  adsnote = {Provided by the SAO/NASA Astrophysics Data System}
}

@ARTICLE{Bartels1962,
   author = {{Bartels}, J.},
    title = "{Zur Vorgeschichte der Weltraumforschung}",
  journal = {Naturwissenschaften},
     year = 1962,
    month = jul,
   volume = 49,
    pages = {313-323},
      doi = {10.1007/BF00602195},
   adsurl = {http://adsabs.harvard.edu/abs/1962NW.....49..313B},
  adsnote = {Provided by the SAO/NASA Astrophysics Data System}
}

@ARTICLE{Belcher1993,
   author = {{Belcher}, J.~W. and {Lazarus}, A.~J. and {McNutt}, Jr., R.~L. and {Gordon}, Jr., G.~S.},
    title = "{Large-scale density structures in the outer heliosphere}",
  journal = {Advances in Space Research},
 keywords = {Heliosphere, Plasma Density, Solar Wind Velocity, Voyager 2 Spacecraft, Interstellar Magnetic Fields, Plasma Composition, Solar Protons},
     year = 1993,
    month = jun,
   volume = 13,
    pages = {41-46},
      doi = {10.1016/0273-1177(93)90388-R},
   adsurl = {http://adsabs.harvard.edu/abs/1993AdSpR..13...41B},
  adsnote = {Provided by the SAO/NASA Astrophysics Data System}
}

@ARTICLE{Billings1959,
   author = {{Billings}, D.~E.},
    title = "{Distribution of Matter with Temperature in the Emission Corona.}",
  journal = {\apj},
     year = 1959,
    month = nov,
   volume = 130,
    pages = {961},
      doi = {10.1086/146785},
   adsurl = {http://adsabs.harvard.edu/abs/1959ApJ...130..961B},
  adsnote = {Provided by the SAO/NASA Astrophysics Data System}
}

@ARTICLE{Bothmer1998,
   author = {{Bothmer}, V. and {Schwenn}, R.},
    title = "{The structure and origin of magnetic clouds in the solar wind}",
  journal = {Annales Geophysicae},
     year = 1998,
    month = jan,
   volume = 16,
    pages = {1-24},
      doi = {10.1007/s00585-997-0001-x},
   adsurl = {http://adsabs.harvard.edu/abs/1998AnGeo..16....1B},
  adsnote = {Provided by the SAO/NASA Astrophysics Data System}
}

@BOOK{Bothmer2007,
   author = {{Bothmer}, V. and {Daglis}, I.~A.},
    title = "{Space Weather -- Physics and Effects}",
 keywords = {Physics},
booktitle = {Space Weather- Physics and Effects},
     year = 2007,
publisher = {Praxis Publishing},
      doi = {10.1007/978-3-540-34578-7},
   adsurl = {http://adsabs.harvard.edu/abs/2007swpe.book.....B},
  adsnote = {Provided by the SAO/NASA Astrophysics Data System}
}

@ARTICLE{Clark1978,
   author = {{Clark}, D.~H. and {Stephenson}, F.~R.},
    title = "{An Interpretation of the Pre-Telescopic Sunspot Records from the Orient}",
  journal = {\qjras},
     year = 1978,
    month = dec,
   volume = 19,
    pages = {387},
   adsurl = {http://adsabs.harvard.edu/abs/1978QJRAS..19..387C},
  adsnote = {Provided by the SAO/NASA Astrophysics Data System}
}

@ARTICLE{Cranmer2005,
   author = {{Cranmer}, S.~R. and {van Ballegooijen}, A.~A.},
    title = "{On the Generation, Propagation, and Reflection of Alfv{\'e}n Waves from the Solar Photosphere to the Distant Heliosphere}",
  journal = {\apjs},
   eprint = {astro-ph/0410639},
 keywords = {Magnetohydrodynamics: MHD, Sun: Solar Wind, Sun: Atmospheric Motions, Sun: Corona, Turbulence, Waves},
     year = 2005,
    month = feb,
   volume = 156,
    pages = {265-293},
      doi = {10.1086/426507},
   adsurl = {http://adsabs.harvard.edu/abs/2005ApJS..156..265C},
  adsnote = {Provided by the SAO/NASA Astrophysics Data System}
}

@ARTICLE{Christensen-Dalsgaard1991,
   author = {{Christensen-Dalsgaard}, J. and {Gough}, D.~O. and {Thompson}, M.~J.},
    title = "{The depth of the solar convection zone}",
  journal = {\apj},
 keywords = {Convective Flow, Helioseismology, Solar Interior, Solar Oscillations, Sound Propagation, Stellar Composition, Acoustic Velocity, Reynolds Number, Temperature Gradients},
     year = 1991,
    month = sep,
   volume = 378,
    pages = {413-437},
      doi = {10.1086/170441},
   adsurl = {http://adsabs.harvard.edu/abs/1991ApJ...378..413C},
  adsnote = {Provided by the SAO/NASA Astrophysics Data System}
}

@ARTICLE{Christensen-Dalsgaard1996,
   author = {{Christensen-Dalsgaard}, J. and {Dappen}, W. and {Ajukov}, S.~V. and {Anderson}, E.~R. and {Antia}, H.~M. and {Basu}, S. and {Baturin}, V.~A. and {Berthomieu}, G. and {Chaboyer}, B. and {Chitre}, S.~M. and {Cox}, A.~N. and {Demarque}, P. and {Donatowicz}, J. and {Dziembowski}, W.~A. and {Gabriel}, M. and {Gough}, D.~O. and {Guenther}, D.~B. and {Guzik}, J.~A. and {Harvey}, J.~W. and {Hill}, F. and {Houdek}, G. and {Iglesias}, C.~A. and {Kosovichev}, A.~G. and {Leibacher}, J.~W. and {Morel}, P. and {Proffitt}, C.~R. and {Provost}, J. and {Reiter}, J. and {Rhodes}, Jr., E.~J. and {Rogers}, F.~J. and {Roxburgh}, I.~W. and {Thompson}, M.~J. and {Ulrich}, R.~K.},
    title = "{The Current State of Solar Modeling}",
  journal = {Science},
     year = 1996,
    month = may,
   volume = 272,
    pages = {1286-1292},
      doi = {10.1126/science.272.5266.1286},
   adsurl = {http://adsabs.harvard.edu/abs/1996Sci...272.1286C},
  adsnote = {Provided by the SAO/NASA Astrophysics Data System}
}

@ARTICLE{Danziger1970,
   author = {{Danziger}, I.~J.},
    title = "{The Cosmic Abundance of Helium}",
  journal = {\araa},
     year = 1970,
   volume = 8,
    pages = {161},
      doi = {10.1146/annurev.aa.08.090170.001113},
   adsurl = {http://adsabs.harvard.edu/abs/1970ARA%26A...8..161D},
  adsnote = {Provided by the SAO/NASA Astrophysics Data System}
}

@ARTICLE{Elliott2013,
   author = {{Elliott}, H.~A. and {Jahn}, J.-M. and {McComas}, D.~J.},
    title = "{The Kp index and solar wind speed relationship: Insights for improving space weather forecasts}",
  journal = {Space Weather},
 keywords = {space weather forecasts, Kp, solar wind speed},
     year = 2013,
    month = jun,
   volume = 11,
    pages = {339-349},
      doi = {10.1002/swe.20053},
   adsurl = {http://adsabs.harvard.edu/abs/2013SpWea..11..339E},
  adsnote = {Provided by the SAO/NASA Astrophysics Data System}
}

@ARTICLE{Fox2015,
   author = {{Fox}, N.~J. and {Velli}, M.~C. and {Bale}, S.~D. and {Decker}, R. and {Driesman}, A. and {Howard}, R.~A. and {Kasper}, J.~C. and {Kinnison}, J. and {Kusterer}, M. and {Lario}, D. and {Lockwood}, M.~K. and {McComas}, D.~J. and {Raouafi}, N.~E. and {Szabo}, A.},
    title = "{The Solar Probe Plus Mission: Humanity's First Visit to Our Star}",
  journal = {\ssr},
 keywords = {Solar Probe Plus, SPP, Corona, Heliophysics, NASA mission, Solar wind},
     year = 2015,
    month = nov,
      doi = {10.1007/s11214-015-0211-6},
   adsurl = {http://adsabs.harvard.edu/abs/2015SSRv..tmp..105F},
  adsnote = {Provided by the SAO/NASA Astrophysics Data System}
}

@ARTICLE{Gurnett2013,
   author = {{Gurnett}, D.~A. and {Kurth}, W.~S. and {Burlaga}, L.~F. and {Ness}, N.~F.},
    title = "{In Situ Observations of Interstellar Plasma with Voyager 1}",
  journal = {Science},
     year = 2013,
    month = sep,
   volume = 341,
    pages = {1489-1492},
      doi = {10.1126/science.1241681},
   adsurl = {http://adsabs.harvard.edu/abs/2013Sci...341.1489G},
  adsnote = {Provided by the SAO/NASA Astrophysics Data System}
}

@ARTICLE{Hapgood1992,
   author = {{Hapgood}, M.~A.},
    title = "{Space physics coordinate transformations - A user guide}",
  journal = {\planss},
 keywords = {Axes Of Rotation, Cartesian Coordinates, Coordinate Transformations, Geocentric Coordinates, Matrices (Mathematics), European Space Agency, Information Systems},
     year = 1992,
    month = may,
   volume = 40,
    pages = {711-717},
      doi = {10.1016/0032-0633(92)90012-D},
   adsurl = {http://adsabs.harvard.edu/abs/1992P%26SS...40..711H},
  adsnote = {Provided by the SAO/NASA Astrophysics Data System}
}

@ARTICLE{Hathaway2015,
   author = {{Hathaway}, D.~H.},
    title = "{The Solar Cycle}",
  journal = {Living Reviews in Solar Physics},
archivePrefix = "arXiv",
   eprint = {1502.07020},
 primaryClass = "astro-ph.SR",
 keywords = {Sunspots, Solar cycle, Solar cycle prediction, Solar activity},
     year = 2015,
    month = dec,
   volume = 12,
      eid = {4},
    pages = {4},
      doi = {10.1007/lrsp-2015-4},
   adsurl = {http://adsabs.harvard.edu/abs/2015LRSP...12....4H},
  adsnote = {Provided by the SAO/NASA Astrophysics Data System}
}

@ARTICLE{Hathaway2016,
   author = {{Hathaway}, D.~H. and {Upton}, L.~A.},
    title = "{Predicting the amplitude and hemispheric asymmetry of solar cycle 25 with surface flux transport}",
  journal = {Journal of Geophysical Research (Space Physics)},
archivePrefix = "arXiv",
   eprint = {1611.05106},
 primaryClass = "astro-ph.SR",
 keywords = {solar cycle},
     year = 2016,
    month = nov,
   volume = 121,
   number = A10,
    pages = {10},
      doi = {10.1002/2016JA023190},
   adsurl = {http://adsabs.harvard.edu/abs/2016JGRA..12110744H},
  adsnote = {Provided by the SAO/NASA Astrophysics Data System}
}

@ARTICLE{King2005,
   author = {{King}, J.~H. and {Papitashvili}, N.~E.},
    title = "{Solar wind spatial scales in and comparisons of hourly Wind and ACE plasma and magnetic field data}",
  journal = {Journal of Geophysical Research (Space Physics)},
 keywords = {Interplanetary Physics: Interplanetary magnetic fields, Interplanetary Physics: Solar wind plasma, Interplanetary Physics: Instruments and techniques, Interplanetary Physics: Solar cycle variations (7536), solar wind},
     year = 2005,
    month = feb,
   volume = 110,
      eid = {A02104},
    pages = {2104},
      doi = {10.1029/2004JA010649},
   adsurl = {http://adsabs.harvard.edu/abs/2005JGRA..110.2104K},
  adsnote = {Provided by the SAO/NASA Astrophysics Data System}
}

@ARTICLE{Leitner2007,
   author = {{Leitner}, M. and {Farrugia}, C.~J. and {M{\"o}stl}, C. and {Ogilvie}, K.~W. and {Galvin}, A.~B. and {Schwenn}, R. and {Biernat}, H.~K.},
    title = "{Consequences of the force-free model of magnetic clouds for their heliospheric evolution}",
  journal = {Journal of Geophysical Research (Space Physics)},
 keywords = {Interplanetary Physics: Ejecta, driver gases, and magnetic clouds, Space Weather: Forecasting (2722), Interplanetary Physics: Solar wind plasma, Interplanetary Physics: Interplanetary magnetic fields, heliospheric evolution, solar, magnetic clouds},
     year = 2007,
    month = jun,
   volume = 112,
      eid = {A06113},
    pages = {6113},
      doi = {10.1029/2006JA011940},
   adsurl = {http://adsabs.harvard.edu/abs/2007JGRA..112.6113L},
  adsnote = {Provided by the SAO/NASA Astrophysics Data System}
}

@book{Lem1984,
    title = {His Master's Voice},
   author = {Lem, S. and Kandel, M.},
     isbn = {9780547543710},
      url = {http://books.google.de/books?id=nzgLf4zKph0C},
     year = {1984},
publisher = {Houghton Mifflin Harcourt}
}

@ARTICLE{Lockwood2014,
   author = {{Lockwood}, M. and {Nevanlinna}, H. and {Barnard}, L. and {Owens}, M.~J. and 
	{Harrison}, R.~G. and {Rouillard}, A.~P. and {Scott}, C.~J.},
    title = "{Reconstruction of geomagnetic activity and near-Earth interplanetary conditions over the past 167 yr - Part 4: Near-Earth solar wind speed, IMF, and open solar flux}",
  journal = {Annales Geophysicae},
     year = 2014,
    month = apr,
   volume = 32,
    pages = {383-399},
      doi = {10.5194/angeo-32-383-2014},
   adsurl = {http://adsabs.harvard.edu/abs/2014AnGeo..32..383L},
  adsnote = {Provided by the SAO/NASA Astrophysics Data System}
}

@ARTICLE{Mamajek2015,
   author = {{Mamajek}, E.~E. and {Prsa}, A. and {Torres}, G. and {Harmanec}, P. and {Asplund}, M. and {Bennett}, P.~D. and {Capitaine}, N. and {Christensen-Dalsgaard}, J. and {Depagne}, E. and {Folkner}, W.~M. and {Haberreiter}, M. and {Hekker}, S. and {Hilton}, J.~L. and {Kostov}, V. and {Kurtz}, D.~W. and {Laskar}, J. and {Mason}, B.~D. and {Milone}, E.~F. and {Montgomery}, M.~M. and {Richards}, M.~T. and {Schou}, J. and {Stewart}, S.~G.},
    title = "{IAU 2015 Resolution B3 on Recommended Nominal Conversion Constants for Selected Solar and Planetary Properties}",
  journal = {ArXiv e-prints},
archivePrefix = "arXiv",
   eprint = {1510.07674},
 primaryClass = "astro-ph.SR",
 keywords = {Astrophysics - Solar and Stellar Astrophysics, Astrophysics - Earth and Planetary Astrophysics, Astrophysics - Astrophysics of Galaxies, Astrophysics - High Energy Astrophysical Phenomena, Astrophysics - Instrumentation and Methods for Astrophysics},
     year = 2015,
    month = oct,
   adsurl = {http://adsabs.harvard.edu/abs/2015arXiv151007674M},
  adsnote = {Provided by the SAO/NASA Astrophysics Data System}
}

@ARTICLE{Maunder1904,
   author = {{Maunder}, E.~W.},
    title = "{Note on the distribution of sun-spots in heliographic latitude, 1874-1902}",
  journal = {\mnras},
     year = 1904,
    month = jun,
   volume = 64,
    pages = {747-761},
      doi = {10.1093/mnras/64.8.747},
   adsurl = {http://adsabs.harvard.edu/abs/1904MNRAS..64..747M},
  adsnote = {Provided by the SAO/NASA Astrophysics Data System}
}

@ARTICLE{McComas200809,
   author = {{McComas}, D.~J. and {Ebert}, R.~W. and {Elliott}, H.~A. and {Goldstein}, B.~E. and {Gosling}, J.~T. and {Schwadron}, N.~A. and {Skoug}, R.~M.},
    title = "{Weaker solar wind from the polar coronal holes and the whole Sun}",
  journal = {\grl},
 keywords = {Interplanetary Physics: Solar wind plasma, Interplanetary Physics: Solar cycle variations (7536), Interplanetary Physics: Interplanetary magnetic fields, Interplanetary Physics: Heliopause and solar wind termination, Interplanetary Physics: Solar wind sources},
     year = 2008,
    month = sep,
   volume = 35,
      eid = {L18103},
    pages = {L18103},
      doi = {10.1029/2008GL034896},
   adsurl = {http://adsabs.harvard.edu/abs/2008GeoRL..3518103M},
  adsnote = {Provided by the SAO/NASA Astrophysics Data System}
}

@ARTICLE{Miesch2005,
   author = {{Miesch}, M.~S.},
    title = "{Large-Scale Dynamics of the Convection Zone and Tachocline}",
  journal = {Living Reviews in Solar Physics},
 keywords = {Solar Interior},
     year = 2005,
    month = apr,
   volume = 2,
    pages = {1},
      doi = {10.12942/lrsp-2005-1},
   adsurl = {http://adsabs.harvard.edu/abs/2005LRSP....2....1M},
  adsnote = {Provided by the SAO/NASA Astrophysics Data System}
}

@ARTICLE{Newell2007,
   author = {{Newell}, P.~T. and {Sotirelis}, T. and {Liou}, K. and {Meng}, C.-I. and {Rich}, F.~J.},
    title = "{A nearly universal solar wind-magnetosphere coupling function inferred from 10 magnetospheric state variables}",
  journal = {Journal of Geophysical Research (Space Physics)},
 keywords = {coupling, function, prediction., coupling, function, prediction},
     year = 2007,
    month = jan,
   volume = 112,
      eid = {A01206},
    pages = {A01206},
      doi = {10.1029/2006JA012015},
   adsurl = {http://adsabs.harvard.edu/abs/2007JGRA..112.1206N},
  adsnote = {Provided by the SAO/NASA Astrophysics Data System}
}

@ARTICLE{Newell2008,
   author = {{Newell}, P.~T. and {Sotirelis}, T. and {Liou}, K. and {Rich}, F.~J.},
    title = "{Pairs of solar wind-magnetosphere coupling functions: Combining a merging term with a viscous term works best}",
  journal = {Journal of Geophysical Research (Space Physics)},
 keywords = {Magnetospheric Physics: Solar wind/magnetosphere interactions, Magnetospheric Physics: Forecasting (7924, 7964), Magnetospheric Physics: Magnetospheric configuration and dynamics, Ionosphere: Modeling and forecasting, Coupling functions, merging, viscous},
     year = 2008,
    month = apr,
   volume = 113,
      eid = {A04218},
    pages = {A04218},
      doi = {10.1029/2007JA012825},
   adsurl = {http://adsabs.harvard.edu/abs/2008JGRA..113.4218N},
  adsnote = {Provided by the SAO/NASA Astrophysics Data System}
}

@ARTICLE{Opher2011,
   author = {{Opher}, M. and {Drake}, J.~F. and {Swisdak}, M. and {Schoeffler}, K.~M. and {Richardson}, J.~D. and {Decker}, R.~B. and {Toth}, G.},
    title = "{Is the Magnetic Field in the Heliosheath Laminar or a Turbulent Sea of Bubbles?}",
  journal = {\apj},
archivePrefix = "arXiv",
   eprint = {1103.2236},
 primaryClass = "astro-ph.SR",
 keywords = {magnetic fields, magnetic reconnection, magnetohydrodynamics: MHD, plasmas, Sun: heliosphere},
     year = 2011,
    month = jun,
   volume = 734,
      eid = {71},
    pages = {71},
      doi = {10.1088/0004-637X/734/1/71},
   adsurl = {http://adsabs.harvard.edu/abs/2011ApJ...734...71O},
  adsnote = {Provided by the SAO/NASA Astrophysics Data System}
}

@ARTICLE{Opher2015,
   author = {{Opher}, M. and {Drake}, J.~F. and {Zieger}, B. and {Gombosi}, T.~I.},
    title = "{Magnetized Jets Driven By the Sun: the Structure of the Heliosphere Revisited}",
  journal = {\apjl},
archivePrefix = "arXiv",
   eprint = {1412.7687},
 primaryClass = "astro-ph.SR",
 keywords = {ISM: jets and outflows, ISM: kinematics and dynamics, Sun: heliosphere, Sun: magnetic fields},
     year = 2015,
    month = feb,
   volume = 800,
      eid = {L28},
    pages = {L28},
      doi = {10.1088/2041-8205/800/2/L28},
   adsurl = {http://adsabs.harvard.edu/abs/2015ApJ...800L..28O},
  adsnote = {Provided by the SAO/NASA Astrophysics Data System}
}

@ARTICLE{Ossendrijver2003,
   author = {{Ossendrijver}, M.},
    title = "{The solar dynamo}",
  journal = {\aapr},
 keywords = {Sun: magnetic fields, Magnetohydrodynamics (MHD), convection, stars: magnetic fields},
     year = 2003,
   volume = 11,
    pages = {287-367},
      doi = {10.1007/s00159-003-0019-3},
   adsurl = {http://adsabs.harvard.edu/abs/2003A%26ARv..11..287O},
  adsnote = {Provided by the SAO/NASA Astrophysics Data System}
}

@ARTICLE{Owens2013,
   author = {{Owens}, M.~J. and {Forsyth}, R.~J.},
    title = "{The Heliospheric Magnetic Field}",
  journal = {Living Reviews in Solar Physics},
 keywords = {Heliosphere, Solar wind, Magnetic field  },
     year = 2013,
    month = nov,
   volume = 10,
    pages = {5},
      doi = {10.12942/lrsp-2013-5},
   adsurl = {http://adsabs.harvard.edu/abs/2013LRSP...10....5O},
  adsnote = {Provided by the SAO/NASA Astrophysics Data System}
}

@ARTICLE{Parker1958,
   author = {{Parker}, E.~N.},
    title = "{Dynamics of the Interplanetary Gas and Magnetic Fields.}",
  journal = {\apj},
     year = 1958,
    month = nov,
   volume = 128,
    pages = {664},
      doi = {10.1086/146579},
   adsurl = {http://adsabs.harvard.edu/abs/1958ApJ...128..664P},
  adsnote = {Provided by the SAO/NASA Astrophysics Data System}
}

@ARTICLE{Pizzo1991,
   author = {{Pizzo}, V.~J.},
    title = "{The evolution of corotating stream fronts near the ecliptic plane in the inner solar system. II - Three-dimensional tilted-dipole fronts}",
  journal = {\jgr},
 keywords = {Corotation, Ecliptic, Interplanetary Magnetic Fields, Plasma Interactions, Solar System, Magnetic Dipoles, Magnetic Field Configurations, Solar Corona, Solar Wind},
     year = 1991,
    month = apr,
   volume = 96,
    pages = {5405-5420},
      doi = {10.1029/91JA00155},
   adsurl = {http://adsabs.harvard.edu/abs/1991JGR....96.5405P},
  adsnote = {Provided by the SAO/NASA Astrophysics Data System}
}

@ARTICLE{Planck2016,
   author = {{Planck Collaboration} and {Ade}, P.~A.~R. and {Aghanim}, N. and {Arnaud}, M. and {Ashdown}, M. and {Aumont}, J. and {Baccigalupi}, C. and {Banday}, A.~J. and {Barreiro}, R.~B. and {Bartlett}, J.~G. and et al.},
    title = "{Planck 2015 results. XIII. Cosmological parameters}",
  journal = {\aap},
archivePrefix = "arXiv",
   eprint = {1502.01589},
 keywords = {cosmology: observations, cosmology: theory, cosmic background radiation, cosmological parameters},
     year = 2016,
    month = sep,
   volume = 594,
      eid = {A13},
    pages = {A13},
      doi = {10.1051/0004-6361/201525830},
   adsurl = {http://adsabs.harvard.edu/abs/2016A%26A...594A..13P},
  adsnote = {Provided by the SAO/NASA Astrophysics Data System}
}

@ARTICLE{Rangarajan1997,
   author = {{Rangarajan}, G.~K. and {Iyemori}, T.},
    title = "{Time variations of geomagnetic activity indices Kp and Ap: an update}",
  journal = {Annales Geophysicae},
     year = 1997,
    month = oct,
   volume = 15,
    pages = {1271-1290},
      doi = {10.1007/s00585-997-1271-z},
   adsurl = {http://adsabs.harvard.edu/abs/1997AnGeo..15.1271R},
  adsnote = {Provided by the SAO/NASA Astrophysics Data System}
}

@ARTICLE{Richardson1995,
   author = {{Richardson}, J.~D. and {Paularena}, K.~I. and {Lazarus}, A.~J. and {Belcher}, J.~W.},
    title = "{Radial evolution of the solar wind from IMP 8 to Voyager 2}",
  journal = {\grl},
 keywords = {Plasma Density, Plasma Temperature, Radial Velocity, Solar Cycles, Solar Flux Density, Solar Rotation, Solar Wind, Explorer 50 Satellite, Velocity Measurement, Voyager 2 Spacecraft},
     year = 1995,
    month = feb,
   volume = 22,
    pages = {325-328},
      doi = {10.1029/94GL03273},
   adsurl = {http://adsabs.harvard.edu/abs/1995GeoRL..22..325R},
  adsnote = {Provided by the SAO/NASA Astrophysics Data System}
}

@ARTICLE{Richardson2000,
   author = {{Richardson}, I.~G. and {Cliver}, E.~W. and {Cane}, H.~V.},
    title = "{Sources of geomagnetic activity over the solar cycle: Relative importance of coronal mass ejections, high-speed streams, and slow solar wind}",
  journal = {\jgr},
 keywords = {Interplanetary Physics: Corotating streams, Interplanetary Physics: Ejecta, driver gases, and magnetic clouds, Interplanetary Physics: Solar cycle variations, Magnetospheric Physics: Storms and substorms},
     year = 2000,
    month = aug,
   volume = 105,
    pages = {18203},
      doi = {10.1029/1999JA000400},
   adsurl = {http://adsabs.harvard.edu/abs/2000JGR...10518203R},
  adsnote = {Provided by the SAO/NASA Astrophysics Data System}
}

@ARTICLE{Richardson2003,
   author = {{Richardson}, J.~D. and {Smith}, C.~W.},
    title = "{The radial temperature profile of the solar wind}",
  journal = {\grl},
 keywords = {Interplanetary Physics: Solar wind plasma, Interplanetary Physics: Interstellar gas, Interplanetary Physics: Pickup ions,},
     year = 2003,
    month = mar,
   volume = 30,
      eid = {1206},
    pages = {1206},
      doi = {10.1029/2002GL016551},
   adsurl = {http://adsabs.harvard.edu/abs/2003GeoRL..30.1206R},
  adsnote = {Provided by the SAO/NASA Astrophysics Data System}
}

@ARTICLE{Richardson2012,
   author = {{Richardson}, I.~G. and {Cane}, H.~V.},
    title = "{Near-earth solar wind flows and related geomagnetic activity during more than four solar cycles (1963-2011)}",
  journal = {Journal of Space Weather and Space Climate},
 keywords = {Stream, Solar cycle, Interplanetary Coronal Mass Ejection (CME), Interplanetary medium},
     year = 2012,
    month = may,
   volume = 2,
   number = 27,
      eid = {A02},
    pages = {A2},
      doi = {10.1051/swsc/2012003},
   adsurl = {http://adsabs.harvard.edu/abs/2012JSWSC...2A..02R},
  adsnote = {Provided by the SAO/NASA Astrophysics Data System}
}

@ARTICLE{Schatten1969,
   author = {{Schatten}, K.~H. and {Wilcox}, J.~M. and {Ness}, N.~F.},
    title = "{A model of interplanetary and coronal magnetic fields}",
  journal = {\solphys},
     year = 1969,
    month = mar,
   volume = 6,
    pages = {442-455},
      doi = {10.1007/BF00146478},
   adsurl = {http://adsabs.harvard.edu/abs/1969SoPh....6..442S},
  adsnote = {Provided by the SAO/NASA Astrophysics Data System}
}

@ARTICLE{Schatten1987,
   author = {{Schatten}, K.~H. and {Sofia}, S.},
    title = "{Forecast of an exceptionally large even-numbered solar cycle}",
  journal = {\grl},
 keywords = {Dynamo Theory, Prediction Analysis Techniques, Solar Activity, Solar Cycles, Solar Magnetic Field, Sunspots, Polar Regions, Solar Terrestrial Interactions, Thermosphere},
     year = 1987,
    month = jun,
   volume = 14,
    pages = {632-635},
      doi = {10.1029/GL014i006p00632},
   adsurl = {http://adsabs.harvard.edu/abs/1987GeoRL..14..632S},
  adsnote = {Provided by the SAO/NASA Astrophysics Data System}
}

@PROCEEDINGS{Schroeder2004,
    title = "{Some aspects of the earlier history of solar-terrestrial physics: Zur Entstehung der solar-terrestrischen Physik.}",
booktitle = {Some Aspects of the Earlier History of Solar-Terrestrial Physics},
     year = 2004,
   editor = {{Schr{\"o}der}, W.},
   adsurl = {http://adsabs.harvard.edu/abs/2004aehs.conf.....S},
  adsnote = {Provided by the SAO/NASA Astrophysics Data System}
}

@INPROCEEDINGS{Schwenn1983,
   author = {{Schwenn}, R.},
    title = "{The average solar wind in the inner heliosphere: Structures and slow variations}",
 keywords = {Helios 1, Helios 2, Heliosphere, Solar Cycles, Solar Wind, Solar Wind Velocity, Estimates, Shock Waves, Solar Corona, Variations},
booktitle = {NASA Conference Publication},
     year = 1983,
   series = {NASA Conference Publication},
   volume = 228,
    month = nov,
   adsurl = {http://adsabs.harvard.edu/abs/1983NASCP.2280.489S},
  adsnote = {Provided by the SAO/NASA Astrophysics Data System}
}

@INBOOK{Schwenn1990,
   author = {{Schwenn}, R.},
    title = "{Large-Scale Structure of the Interplanetary Medium}",
booktitle = {Physics of the Inner Heliosphere I},
     year = 1990,
   editor = {{Schwenn}, R. and {Marsch}, E.},
    pages = {99},
   adsurl = {http://adsabs.harvard.edu/abs/1990pihl.book...99S},
  adsnote = {Provided by the SAO/NASA Astrophysics Data System}
}

@ARTICLE{Sheeley1997,
   author = {{Sheeley}, N.~R. and {Wang}, Y.-M. and {Hawley}, S.~H. and {Brueckner}, G.~E. and {Dere}, K.~P. and {Howard}, R.~A. and {Koomen}, M.~J. and {Korendyke}, C.~M. and {Michels}, D.~J. and {Paswaters}, S.~E. and {Socker}, D.~G. and {St.~Cyr}, O.~C. and {Wang}, D. and {Lamy}, P.~L. and {Llebaria}, A. and {Schwenn}, R. and {Simnett}, G.~M. and {Plunkett}, S. and {Biesecker}, D.~A.},
    title = "{Measurements of Flow Speeds in the Corona Between 2 and 30 R$_{\odot}$}",
  journal = {\apj},
 keywords = {Sun: Solar Wind, Sun: Corona, Sun: Particle Emission},
     year = 1997,
    month = jul,
   volume = 484,
    pages = {472-478},
   adsurl = {http://adsabs.harvard.edu/abs/1997ApJ...484..472S},
  adsnote = {Provided by the SAO/NASA Astrophysics Data System}
}

@ARTICLE{Sittler1999,
   author = {{Sittler}, Jr., E.~C. and {Guhathakurta}, M.},
    title = "{Semiempirical Two-dimensional MagnetoHydrodynamic Model of the Solar Corona and Interplanetary Medium}",
  journal = {\apj},
 keywords = {INTERPLANETARY MEDIUM, MAGNETOHYDRODYNAMICS: MHD, SUN: SOLAR WIND, SUN: CORONA, SUN: MAGNETIC FIELDS, Interplanetary Medium, Magnetohydrodynamics: MHD, Sun: Solar Wind, Sun: Corona, Sun: Magnetic Fields},
     year = 1999,
    month = oct,
   volume = 523,
    pages = {812-826},
      doi = {10.1086/307742},
   adsurl = {http://adsabs.harvard.edu/abs/1999ApJ...523..812S},
  adsnote = {Provided by the SAO/NASA Astrophysics Data System}
}

@ARTICLE{Maunder1890,
   author = {{Maunder}, E.~W.},
    title = "{Prof. Spoerer's researches on Sun-spots}",
  journal = {\mnras},
     year = 1890,
    month = feb,
   volume = 50,
    pages = {251},
      doi = {10.1093/mnras/50.4.251},
   adsurl = {http://adsabs.harvard.edu/abs/1890MNRAS..50..251S},
  adsnote = {Provided by the SAO/NASA Astrophysics Data System}
}

@BOOK{Taylor1997,
   author = {{Taylor}, J.~R.},
    title = "{Introduction to Error Analysis, 2nd Ed. (cloth)}",
booktitle = {Introduction to Error Analysis, 2nd Ed.~(cloth), by John R.~Taylor.~Published by University Science Books, ISBN 0-935702-42-3, 327pp, 1997.},
     year = 1997,
   editor = "{Taylor, J.~R.}",
publisher = {University Science Books},
   adsurl = {http://adsabs.harvard.edu/abs/1997iea..book.....T},
  adsnote = {Provided by the SAO/NASA Astrophysics Data System}
}

@ARTICLE{Thompson2003,
   author = {{Thompson}, M.~J. and {Christensen-Dalsgaard}, J. and {Miesch}, M.~S. and {Toomre}, J.},
    title = "{The Internal Rotation of the Sun}",
  journal = {\araa},
     year = 2003,
   volume = 41,
    pages = {599-643},
      doi = {10.1146/annurev.astro.41.011802.094848},
   adsurl = {http://adsabs.harvard.edu/abs/2003ARA%26A..41..599T},
  adsnote = {Provided by the SAO/NASA Astrophysics Data System}
}

@BOOK{USNO2015,
  title="{Astronomical Almanac for the Year 2016 and Its Companion, the Astronomical Almanac Online}",
  author={{U.S. Nautical Almanac Office}},
  isbn={9780707741581},
  series={Astronomical Almanac For the Year},
  url={https://books.google.de/books?id=Mc\_VuQN\_gVsC},
  year={2015},
  publisher={United States Department of Defense}
}

@ARTICLE{Vaquero2007,
   author = {{Vaquero}, J.~M.},
    title = "{Letter to the Editor: Sunspot observations by Theophrastus revisited}",
  journal = {Journal of the British Astronomical Association},
     year = 2007,
    month = dec,
   volume = 117,
    pages = {346},
   adsurl = {http://adsabs.harvard.edu/abs/2007JBAA..117..346V},
  adsnote = {Provided by the SAO/NASA Astrophysics Data System}
}

@ARTICLE{Venzmer2017,
   author = {{Venzmer}, M.~S. and {Bothmer}, V.},
    title = "{Solar-wind predictions for the Parker Solar Probe orbit}",
  journal = {ArXiv e-prints},
archivePrefix = "arXiv",
   eprint = {1711.07534},
 primaryClass = "astro-ph.SR",
 keywords = {Astrophysics - Solar and Stellar Astrophysics, Physics - Space Physics},
     year = 2017,
    month = nov,
   adsurl = {http://adsabs.harvard.edu/abs/2017arXiv171107534V},
  adsnote = {Provided by the SAO/NASA Astrophysics Data System}
}

@ARTICLE{Zhao2013,
   author = {{Zhao}, J. and {Bogart}, R.~S. and {Kosovichev}, A.~G. and {Duvall}, Jr., T.~L. and {Hartlep}, T.},
    title = "{Detection of Equatorward Meridional Flow and Evidence of Double-cell Meridional Circulation inside the Sun}",
  journal = {\apjl},
archivePrefix = "arXiv",
   eprint = {1307.8422},
 primaryClass = "astro-ph.SR",
 keywords = {Sun: helioseismology, Sun: interior, Sun: oscillations},
     year = 2013,
    month = sep,
   volume = 774,
      eid = {L29},
    pages = {L29},
      doi = {10.1088/2041-8205/774/2/L29},
   adsurl = {http://adsabs.harvard.edu/abs/2013ApJ...774L..29Z},
  adsnote = {Provided by the SAO/NASA Astrophysics Data System}
}






@ARTICLE{Bale2016,
   author = {{Bale}, S.~D. and {Goetz}, K. and {Harvey}, P.~R. and {Turin}, P. and {Bonnell}, J.~W. and {Dudok de Wit}, T. and {Ergun}, R.~E. and {MacDowall}, R.~J. and {Pulupa}, M. and {Andre}, M. and {Bolton}, M. and {Bougeret}, J.-L. and {Bowen}, T.~A. and {Burgess}, D. and {Cattell}, C.~A. and {Chandran}, B.~D.~G. and {Chaston}, C.~C. and {Chen}, C.~H.~K. and {Choi}, M.~K. and {Connerney}, J.~E. and {Cranmer}, S. and {Diaz-Aguado}, M. and {Donakowski}, W. and {Drake}, J.~F. and {Farrell}, W.~M. and {Fergeau}, P. and {Fermin}, J. and {Fischer}, J. and {Fox}, N. and {Glaser}, D. and {Goldstein}, M. and {Gordon}, D. and {Hanson}, E. and {Harris}, S.~E. and {Hayes}, L.~M. and {Hinze}, J.~J. and {Hollweg}, J.~V. and {Horbury}, T.~S. and {Howard}, R.~A. and {Hoxie}, V. and {Jannet}, G. and {Karlsson}, M. and {Kasper}, J.~C. and {Kellogg}, P.~J. and {Kien}, M. and {Klimchuk}, J.~A. and {Krasnoselskikh}, V.~V. and {Krucker}, S. and {Lynch}, J.~J. and {Maksimovic}, M. and {Malaspina}, D.~M. and {Marker}, S. and {Martin}, P. and {Martinez-Oliveros}, J. and {McCauley}, J. and {McComas}, D.~J. and {McDonald}, T. and {Meyer-Vernet}, N. and {Moncuquet}, M. and {Monson}, S.~J. and {Mozer}, F.~S. and {Murphy}, S.~D. and {Odom}, J. and {Oliverson}, R. and {Olson}, J. and {Parker}, E.~N. and {Pankow}, D. and {Phan}, T. and {Quataert}, E. and {Quinn}, T. and {Ruplin}, S.~W. and {Salem}, C. and {Seitz}, D. and {Sheppard}, D.~A. and {Siy}, A. and {Stevens}, K. and {Summers}, D. and {Szabo}, A. and {Timofeeva}, M. and {Vaivads}, A. and {Velli}, M. and {Yehle}, A. and {Werthimer}, D. and {Wygant}, J.~R.},
    title = "{The FIELDS Instrument Suite for Solar Probe Plus. Measuring the Coronal Plasma and Magnetic Field, Plasma Waves and Turbulence, and Radio Signatures of Solar Transients}",
  journal = {\ssr},
 keywords = {Coronal heating, Solar Probe Plus},
     year = 2016,
    month = dec,
   volume = 204,
    pages = {49-82},
      doi = {10.1007/s11214-016-0244-5},
   adsurl = {http://adsabs.harvard.edu/abs/2016SSRv..204...49B},
  adsnote = {Provided by the SAO/NASA Astrophysics Data System}
}

@BOOK{Belcher1991,
   author = {{Belcher}, J.~W. and {Slavin}, J.~A. and {Armstrong}, T.~P. and {Farquhar}, R.~W. and {Akasofu}, S.~I. and {Baker}, D.~N. and {Cattell}, C.~A. and {Cheng}, A.~F. and {Chupp}, E.~L. and {Clark}, P.~E.},
    title = "{Mercury Orbiter: Report of the Science Working Team}",
 keywords = {Mercury Spacecraft, Planetary Magnetospheres, Planetology, Solar Physics, Spin Stabilization, Aerospace Engineering, Atmospheric Physics, Conferences, Elliptical Orbits, Mercury (Planet), Mercury Project, Planetary Orbits, Space Exploration},
booktitle = {Unknown},
     year = 1991,
    month = feb,
   adsurl = {http://adsabs.harvard.edu/abs/1991mors.book.....B},
  adsnote = {Provided by the SAO/NASA Astrophysics Data System}
}

@ARTICLE{Biermann1951,
   author = {{Biermann}, L.},
    title = "{Kometenschweife und solare Korpuskularstrahlung}",
  journal = {\zap},
     year = 1951,
   volume = 29,
    pages = {274},
   adsurl = {http://adsabs.harvard.edu/abs/1951ZA.....29..274B},
  adsnote = {Provided by the SAO/NASA Astrophysics Data System}
}

@ARTICLE{Bothmer1996,
   author = {{Bothmer}, V. and {Schwenn}, R.},
    title = "{Signatures of fast CMEs in interplanetary space}",
  journal = {Advances in Space Research},
 keywords = {Astronomical Photography, Interplanetary Space, Shock Fronts, Shock Wave Propagation, Solar Corona, Stellar Mass Ejection, Abundance, Coronagraphs, Magnetic Signatures, Solar Wind},
     year = 1996,
   volume = 17,
      doi = {10.1016/0273-1177(95)00593-4},
   adsurl = {http://adsabs.harvard.edu/abs/1996AdSpR..17..319B},
  adsnote = {Provided by the SAO/NASA Astrophysics Data System}
}

@ARTICLE{Bougeret1984,
   author = {{Bougeret}, J.-L. and {King}, J.~H. and {Schwenn}, R.},
    title = "{Solar radio burst and in situ determination of interplanetary electron density}",
  journal = {\solphys},
 keywords = {Electron Density (Concentration), Interplanetary Medium, Solar Radio Bursts, Harmonics, Helios 1, Helios 2, Plasma Frequencies, Solar Wind},
     year = 1984,
    month = feb,
   volume = 90,
    pages = {401-412},
      doi = {10.1007/BF00173965},
   adsurl = {http://adsabs.harvard.edu/abs/1984SoPh...90..401B},
  adsnote = {Provided by the SAO/NASA Astrophysics Data System}
}

@ARTICLE{Bruno1986,
   author = {{Bruno}, R. and {Villante}, U. and {Bavassano}, B. and {Schwenn}, R. and {Mariani}, F.},
    title = "{In-situ observations of the latitudinal gradients of the solar wind parameters during 1976 and 1977}",
  journal = {\solphys},
 keywords = {Interplanetary Magnetic Fields, Solar Wind, Coronal Loops, Current Sheets, Explorer 50 Satellite, Flux Density, Helios 1, Helios 2, Solar Protons},
     year = 1986,
    month = apr,
   volume = 104,
    pages = {431-445},
      doi = {10.1007/BF00159093},
   adsurl = {http://adsabs.harvard.edu/abs/1986SoPh..104..431B},
  adsnote = {Provided by the SAO/NASA Astrophysics Data System}
}

@INPROCEEDINGS{Burt2012,
   author = {J. Burt and B. Smith},
booktitle = {2012 IEEE Aerospace Conference},
    title = {Deep Space Climate Observatory: The DSCOVR mission},
     year = {2012},
    pages = {1-13},
 keywords = {climatology;remote sensing;space vehicles;AD 1998;AD 2001 11;DSCOVR mission;Deep Space Climate Observatory;Earth-Sun first Lagrange point;Space Shuttle;Stable Suspension;Triana mission;deep space climate observatory;spacecraft;Instruments;Observatories;Software;Space vehicles;Testing;Wheels},
      doi = {10.1109/AERO.2012.6187025},
     ISSN = {1095-323X},
    month = {March},
      url = {https://gsfcir.gsfc.nasa.gov/authors/publication/21931}
}

@ARTICLE{Colin1980,
   author = {{Colin}, L.},
    title = "{The Pioneer Venus Program}",
  journal = {\jgr},
     year = 1980,
    month = dec,
   volume = 85,
    pages = {7575-7598},
      doi = {10.1029/JA085iA13p07575},
   adsurl = {http://adsabs.harvard.edu/abs/1980JGR....85.7575C},
  adsnote = {Provided by the SAO/NASA Astrophysics Data System}
}

@ARTICLE{Domingo1995,
   author = {{Domingo}, V. and {Fleck}, B. and {Poland}, A.~I.},
    title = "{The SOHO Mission: an Overview}",
  journal = {\solphys},
 keywords = {SOHO, solar interior, solar corona, solar wind},
     year = 1995,
    month = dec,
   volume = 162,
    pages = {1-37},
      doi = {10.1007/BF00733425},
   adsurl = {http://adsabs.harvard.edu/abs/1995SoPh..162....1D},
  adsnote = {Provided by the SAO/NASA Astrophysics Data System}
}

@ARTICLE{Exarhos2000,
   author = {{Exarhos}, G. and {Moussas}, X.},
    title = "{An estimation of the shape and temporal variation of the solar wind sonic, Alfv{\'e}nic and fast magnetosonic surfaces}",
  journal = {\aap},
 keywords = {HYDRODYNAMICS, SUN: SOLAR WIND},
     year = 2000,
    month = apr,
   volume = 356,
    pages = {315-318},
   adsurl = {http://adsabs.harvard.edu/abs/2000A%26A...356..315E},
  adsnote = {Provided by the SAO/NASA Astrophysics Data System}
}

@ARTICLE{Feldman1978,
   author = {{Feldman}, W.~C. and {Asbridge}, J.~R. and {Bame}, S.~J. and {Gosling}, J.~T.},
    title = "{Long-term variations of selected solar wind properties - IMP 6, 7, and 8 results}",
  journal = {\jgr},
 keywords = {Abundance, Helium, Imp, Periodic Variations, Satellite Observation, Solar Wind Velocity, Hydrogen, Long Term Effects, Particle Flux Density, Plasma Temperature, Proton Energy, Solar Corona, Solar Cycles},
     year = 1978,
    month = may,
   volume = 83,
    pages = {2177-2189},
      doi = {10.1029/JA083iA05p02177},
   adsurl = {http://adsabs.harvard.edu/abs/1978JGR....83.2177F},
  adsnote = {Provided by the SAO/NASA Astrophysics Data System}
}

@ARTICLE{Forsyth2006,
   author = {{Forsyth}, R.~J. and {Bothmer}, V. and {Cid}, C. and {Crooker}, N.~U. and {Horbury}, T.~S. and {Kecskemety}, K. and {Klecker}, B. and {Linker}, J.~A. and {Odstrcil}, D. and {Reiner}, M.~J. and {Richardson}, I.~G. and {Rodriguez-Pacheco}, J. and {Schmidt}, J.~M. and {Wimmer-Schweingruber}, R.~F.},
    title = "{ICMEs in the Inner Heliosphere: Origin, Evolution and Propagation Effects.  Report of Working Group G}",
  journal = {\ssr},
 keywords = {coronal mass ejections, magnetic clouds, solar wind, interplanetary shocks},
     year = 2006,
    month = mar,
   volume = 123,
    pages = {383-416},
      doi = {10.1007/s11214-006-9022-0},
   adsurl = {http://adsabs.harvard.edu/abs/2006SSRv..123..383F},
  adsnote = {Provided by the SAO/NASA Astrophysics Data System}
}

@ARTICLE{Goelzer2014,
   author = {{Goelzer}, M.~L. and {Schwadron}, N.~A. and {Smith}, C.~W.},
    title = "{An analysis of Alfv{\'e}n radius based on sunspot number from 1749 to today}",
  journal = {Journal of Geophysical Research (Space Physics)},
 keywords = {interplanetary magnetic fields, solar wind, solar wind acceleration, Solar Probe Plus},
     year = 2014,
    month = jan,
   volume = 119,
    pages = {115-120},
      doi = {10.1002/2013JA019420},
   adsurl = {http://adsabs.harvard.edu/abs/2014JGRA..119..115G},
  adsnote = {Provided by the SAO/NASA Astrophysics Data System}
}

@ARTICLE{Gosling1974,
   author = {{Gosling}, J.~T. and {Hildner}, E. and {MacQueen}, R.~M. and {Munro}, R.~H. and {Poland}, A.~I. and {Ross}, C.~L.},
    title = "{Mass ejections from the sun - A view from SKYLAB}",
  journal = {\jgr},
 keywords = {Coronagraphs, Skylab Program, Solar Corona, Solar Prominences, Stellar Mass Ejection, Astronomical Photography, Interplanetary Magnetic Fields, Magnetohydrodynamic Waves, Solar Flares, Solar Magnetic Field, Solar Radio Bursts},
     year = 1974,
    month = nov,
   volume = 79,
    pages = {4581-4587},
      doi = {10.1029/JA079i031p04581},
   adsurl = {http://adsabs.harvard.edu/abs/1974JGR....79.4581G},
  adsnote = {Provided by the SAO/NASA Astrophysics Data System}
}

@ARTICLE{Gringauz1960,
   author = {{Gringauz}, K.~I. and {Bezrokikh}, V.~V. and {Ozerov}, V.~D. and {Rybchinskii}, R.~E.},
    title = "{A Study of the Interplanetary Ionized Gas, High-Energy Electrons and Corpuscular Radiation from the Sun by Means of the Three-Electrode Trap for Charged Particles on the Second Soviet Cosmic Rocket}",
  journal = {Soviet Physics Doklady},
     year = 1960,
    month = sep,
   volume = 5,
    pages = {361},
   adsurl = {http://adsabs.harvard.edu/abs/1960SPhD....5..361G},
  adsnote = {Provided by the SAO/NASA Astrophysics Data System}
}

@ARTICLE{Hellinger2011,
   author = {{Hellinger}, P. and {Matteini}, L. and {{\v S}tver{\'a}k}, {\v S}. and {Tr{\'a}vn{\'{\i}}{\v c}ek}, P.~M. and {Marsch}, E.},
    title = "{Heating and cooling of protons in the fast solar wind between 0.3 and 1 AU: Helios revisited}",
  journal = {Journal of Geophysical Research (Space Physics)},
 keywords = {Interplanetary Physics: Solar wind plasma, Space Plasma Physics: Plasma energization, Space Plasma Physics: Transport processes},
     year = 2011,
    month = sep,
   volume = 116,
      eid = {A09105},
    pages = {A09105},
      doi = {10.1029/2011JA016674},
   adsurl = {http://adsabs.harvard.edu/abs/2011JGRA..116.9105H},
  adsnote = {Provided by the SAO/NASA Astrophysics Data System}
}

@ARTICLE{Hellinger2013,
   author = {{Hellinger}, P. and {Tr{\'a}Vn{\'{\i}}{\v c}ek}, P.~M. and {{\v S}tver{\'a}k}, {\v S}. and {Matteini}, L. and {Velli}, M.},
    title = "{Proton thermal energetics in the solar wind: Helios reloaded}",
  journal = {Journal of Geophysical Research (Space Physics)},
 keywords = {solar wind, proton energetics, turbulent heating},
     year = 2013,
    month = apr,
   volume = 118,
    pages = {1351-1365},
      doi = {10.1002/jgra.50107},
   adsurl = {http://adsabs.harvard.edu/abs/2013JGRA..118.1351H},
  adsnote = {Provided by the SAO/NASA Astrophysics Data System}
}

@INPROCEEDINGS{Howard2013,
   author = {{Howard}, R.~A. and {Vourlidas}, A. and {Korendyke}, C.~M. and {Plunkett}, S.~P. and {Carter}, M.~T. and {Wang}, D. and {Rich}, N. and {McMullin}, D.~R. and {Lynch}, S. and {Thurn}, A. and {Clifford}, G. and {Socker}, D.~G. and {Thernisien}, A.~F. and {Chua}, D. and {Linton}, M.~G. and {Keller}, D. and {Janesick}, J.~R. and {Tower}, J. and {Grygon}, M. and {Hagood}, R. and {Bast}, W. and {Liewer}, P.~C. and {DeJong}, E.~M. and {Velli}, M.~M.~C. and {Mikic}, Z. and {Bothmer}, V. and {Rochus}, P. and {Halain}, J.-P. and {Lamy}, P.~L.},
    title = "{The solar and heliospheric imager (SoloHI) instrument for the solar orbiter mission}",
booktitle = {Solar Physics and Space Weather Instrumentation V},
     year = 2013,
   series = {\procspie},
   volume = 8862,
    month = sep,
      eid = {88620H},
    pages = {88620H},
      doi = {10.1117/12.2027657},
   adsurl = {http://adsabs.harvard.edu/abs/2013SPIE.8862E..0HH},
  adsnote = {Provided by the SAO/NASA Astrophysics Data System}
}

@ARTICLE{Kasper2012,
   author = {{Kasper}, J.~C. and {Stevens}, M.~L. and {Korreck}, K.~E. and {Maruca}, B.~A. and {Kiefer}, K.~K. and {Schwadron}, N.~A. and {Lepri}, S.~T.},
    title = "{Evolution of the Relationships between Helium Abundance, Minor Ion Charge State, and Solar Wind Speed over the Solar Cycle}",
  journal = {\apj},
 keywords = {acceleration of particles, interplanetary medium, plasmas, Sun: abundances, Sun: corona, Sun: fundamental parameters},
     year = 2012,
    month = feb,
   volume = 745,
      eid = {162},
    pages = {162},
      doi = {10.1088/0004-637X/745/2/162},
   adsurl = {http://adsabs.harvard.edu/abs/2012ApJ...745..162K},
  adsnote = {Provided by the SAO/NASA Astrophysics Data System}
}

@ARTICLE{Kasper2016,
   author = {{Kasper}, J.~C. and {Abiad}, R. and {Austin}, G. and {Balat-Pichelin}, M. and {Bale}, S.~D. and {Belcher}, J.~W. and {Berg}, P. and {Bergner}, H. and {Berthomier}, M. and {Bookbinder}, J. and {Brodu}, E. and {Caldwell}, D. and {Case}, A.~W. and {Chandran}, B.~D.~G. and {Cheimets}, P. and {Cirtain}, J.~W. and {Cranmer}, S.~R. and {Curtis}, D.~W. and {Daigneau}, P. and {Dalton}, G. and {Dasgupta}, B. and {DeTomaso}, D. and {Diaz-Aguado}, M. and {Djordjevic}, B. and {Donaskowski}, B. and {Effinger}, M. and {Florinski}, V. and {Fox}, N. and {Freeman}, M. and {Gallagher}, D. and {Gary}, S.~P. and {Gauron}, T. and {Gates}, R. and {Goldstein}, M. and {Golub}, L. and {Gordon}, D.~A. and {Gurnee}, R. and {Guth}, G. and {Halekas}, J. and {Hatch}, K. and {Heerikuisen}, J. and {Ho}, G. and {Hu}, Q. and {Johnson}, G. and {Jordan}, S.~P. and {Korreck}, K.~E. and {Larson}, D. and {Lazarus}, A.~J. and {Li}, G. and {Livi}, R. and {Ludlam}, M. and {Maksimovic}, M. and {McFadden}, J.~P. and {Marchant}, W. and {Maruca}, B.~A. and {McComas}, D.~J. and {Messina}, L. and {Mercer}, T. and {Park}, S. and {Peddie}, A.~M. and {Pogorelov}, N. and {Reinhart}, M.~J. and {Richardson}, J.~D. and {Robinson}, M. and {Rosen}, I. and {Skoug}, R.~M. and {Slagle}, A. and {Steinberg}, J.~T. and {Stevens}, M.~L. and {Szabo}, A. and {Taylor}, E.~R. and {Tiu}, C. and {Turin}, P. and {Velli}, M. and {Webb}, G. and {Whittlesey}, P. and {Wright}, K. and {Wu}, S.~T. and {Zank}, G.},
    title = "{Solar Wind Electrons Alphas and Protons (SWEAP) Investigation: Design of the Solar Wind and Coronal Plasma Instrument Suite for Solar Probe Plus}",
  journal = {\ssr},
 keywords = {Solar probe plus, SWEAP, Solar wind plasma, Corona, Heating, Acceleration},
     year = 2016,
    month = dec,
   volume = 204,
    pages = {131-186},
      doi = {10.1007/s11214-015-0206-3},
   adsurl = {http://adsabs.harvard.edu/abs/2016SSRv..204..131K},
  adsnote = {Provided by the SAO/NASA Astrophysics Data System}
}

@ARTICLE{Katsikas2010,
   author = {{Katsikas}, V. and {Exarhos}, G. and {Moussas}, X.},
    title = "{Study of the solar Slow Sonic, Alfv{\'e}n and Fast Magnetosonic transition surfaces}",
  journal = {Advances in Space Research},
     year = 2010,
    month = aug,
   volume = 46,
    pages = {382-390},
      doi = {10.1016/j.asr.2010.05.003},
   adsurl = {http://adsabs.harvard.edu/abs/2010AdSpR..46..382K},
  adsnote = {Provided by the SAO/NASA Astrophysics Data System}
}

@ARTICLE{Kilpua2016,
   author = {{Kilpua}, E.~K.~J. and {Madjarska}, M.~S. and {Karna}, N. and {Wiegelmann}, T. and {Farrugia}, C. and {Yu}, W. and {Andreeova}, K.},
    title = "{Sources of the Slow Solar Wind During the Solar Cycle 23/24 Minimum}",
  journal = {\solphys},
archivePrefix = "arXiv",
   eprint = {1606.05142},
 primaryClass = "astro-ph.SR",
 keywords = {Solar wind, Corona, Modelling},
     year = 2016,
    month = oct,
   volume = 291,
    pages = {2441-2456},
      doi = {10.1007/s11207-016-0979-x},
   adsurl = {http://adsabs.harvard.edu/abs/2016SoPh..291.2441K},
  adsnote = {Provided by the SAO/NASA Astrophysics Data System}
}

@article {Lazarus2000,
   author = {Lazarus, Alan J.},
    title = {The Day the Solar Wind Almost Disappeared},
   volume = {287},
   number = {5461},
    pages = {2172--2173},
     year = {2000},
      doi = {10.1126/science.287.5461.2172},
publisher = {American Association for the Advancement of Science},
     issn = {0036-8075},
      URL = {http://science.sciencemag.org/content/287/5461/2172},
   eprint = {http://science.sciencemag.org/content/287/5461/2172},
  journal = {Science}
}

@ARTICLE{Leblanc1998,
   author = {{Leblanc}, Y. and {Dulk}, G.~A. and {Bougeret}, J.-L.},
    title = "{Tracing the Electron Density from the Corona to 1au}",
  journal = {\solphys},
     year = 1998,
    month = nov,
   volume = 183,
    pages = {165-180},
      doi = {10.1023/A:1005049730506},
   adsurl = {http://adsabs.harvard.edu/abs/1998SoPh..183..165L},
  adsnote = {Provided by the SAO/NASA Astrophysics Data System}
}

@ARTICLE{Lepping1995,
   author = {{Lepping}, R.~P. and {Ac{\~u}na}, M.~H. and {Burlaga}, L.~F. and {Farrell}, W.~M. and {Slavin}, J.~A. and {Schatten}, K.~H. and {Mariani}, F. and {Ness}, N.~F. and {Neubauer}, F.~M. and {Whang}, Y.~C. and {Byrnes}, J.~B. and {Kennon}, R.~S. and {Panetta}, P.~V. and {Scheifele}, J. and {Worley}, E.~M.},
    title = "{The Wind Magnetic Field Investigation}",
  journal = {\ssr},
     year = 1995,
    month = feb,
   volume = 71,
    pages = {207-229},
      doi = {10.1007/BF00751330},
   adsurl = {http://adsabs.harvard.edu/abs/1995SSRv...71..207L},
  adsnote = {Provided by the SAO/NASA Astrophysics Data System}
}

@ARTICLE{Liebenberg1975,
   author = {{Liebenberg}, D.~H. and {Bessey}, R.~J. and {Watson}, B.},
    title = "{Coronal emission line profile observations at total solar eclipses. II - 30 May 1965 results, deconvolution and interpretation}",
  journal = {\solphys},
 keywords = {Emission Spectra, Photosphere, Solar Corona, Solar Eclipses, High Resolution, Iron, Nonuniform Plasmas, Power Spectra, Solar Limb, Solar Spectra, Solar Wind},
     year = 1975,
    month = oct,
   volume = 44,
    pages = {345-359},
      doi = {10.1007/BF00153213},
   adsurl = {http://adsabs.harvard.edu/abs/1975SoPh...44..345L},
  adsnote = {Provided by the SAO/NASA Astrophysics Data System}
}

@ARTICLE{Mariani1978,
   author = {{Mariani}, F. and {Ness}, N.~F. and {Burlaga}, L.~F. and {Bavassano}, B. and {Villante}, U.},
    title = "{The large-scale structure of the interplanetary magnetic field between 1 and 0.3 AU during the primary mission of HELIOS 1}",
  journal = {\jgr},
 keywords = {Helios 1, Interplanetary Magnetic Fields, Magnetic Field Configurations, Magnetic Measurement, Spaceborne Astronomy, Astronomical Models, Magnetohydrodynamic Waves, Solar Wind Velocity},
     year = 1978,
    month = nov,
   volume = 83,
    pages = {5161-5166},
      doi = {10.1029/JA083iA11p05161},
   adsurl = {http://adsabs.harvard.edu/abs/1978JGR....83.5161M},
  adsnote = {Provided by the SAO/NASA Astrophysics Data System}
}

@ARTICLE{Marsch1982,
   author = {{Marsch}, E. and {Schwenn}, R. and {Rosenbauer}, H. and {Muehlhaeuser}, K.-H. and {Pilipp}, W. and {Neubauer}, F.~M.},
    title = "{Solar wind protons - Three-dimensional velocity distributions and derived plasma parameters measured between 0.3 and 1 AU}",
  journal = {\jgr},
 keywords = {Plasma Diagnostics, Solar Protons, Solar Wind Velocity, Three Dimensional Motion, Velocity Distribution, Energy Spectra, Helios Satellites, Proton Energy, Solar Corona, Temperature Dependence},
     year = 1982,
    month = jan,
   volume = 87,
    pages = {52-72},
      doi = {10.1029/JA087iA01p00052},
   adsurl = {http://adsabs.harvard.edu/abs/1982JGR....87...52M},
  adsnote = {Provided by the SAO/NASA Astrophysics Data System}
}

@ARTICLE{McComas1998,
   author = {{McComas}, D.~J. and {Bame}, S.~J. and {Barraclough}, B.~L. and {Feldman}, W.~C. and {Funsten}, H.~O. and {Gosling}, J.~T. and {Riley}, P. and {Skoug}, R. and {Balogh}, A. and {Forsyth}, R. and {Goldstein}, B.~E. and {Neugebauer}, M.},
    title = "{Ulysses' return to the slow solar wind}",
  journal = {\grl},
 keywords = {Interplanetary Physics: Solar wind plasma, Interplanetary Physics: Sources of the solar wind, Interplanetary Physics: Interplanetary magnetic fields, Interplanetary Physics: Corotating streams},
     year = 1998,
   volume = 25,
    pages = {1-4},
      doi = {10.1029/97GL03444},
   adsurl = {http://adsabs.harvard.edu/abs/1998GeoRL..25....1M},
  adsnote = {Provided by the SAO/NASA Astrophysics Data System}
}

@TECHREPORT{McComas200807,
   author = {{McComas}, D.~J and {Acton}, L.~W. and {Balat-Pichelin}, M. and {Bothmer}, V. and {Dirling}, D.~A. and {Feldman}, W.~C. and {Gloeckler}, G. and {Habbal}, S.~R. and {Hassler}, D.~M. and {Mann}, I. and {Matthaeus}, W.~H. and {McNutt}, Jr., R.~L. and {Mewaldt}, R.~A. and {Murphy}, N. and {Ofman}, L. and {Sittler}, Jr., E.~C. and {Smith}, C.~W. and {Velli}, M. and {Zurbuchen}, T.~H.},
    title = "{Solar Probe Plus: Report of the Science and Technology Definition Team}",
institution = {National Aeronautics and Space Administration, Goddard Space Flight Center},
  address = {Greenbelt, MD},
     year = 2008,
    month = jul,
   number = {NASA/TM-2008-214161},
     url = {https://lwstrt.gsfc.nasa.gov/SolarProbe+Web.pdf},
}

@ARTICLE{McComas2016,
   author = {{McComas}, D.~J. and {Alexander}, N. and {Angold}, N. and {Bale}, S. and {Beebe}, C. and {Birdwell}, B. and {Boyle}, M. and {Burgum}, J.~M. and {Burnham}, J.~A. and {Christian}, E.~R. and {Cook}, W.~R. and {Cooper}, S.~A. and {Cummings}, A.~C. and {Davis}, A.~J. and {Desai}, M.~I. and {Dickinson}, J. and {Dirks}, G. and {Do}, D.~H. and {Fox}, N. and {Giacalone}, J. and {Gold}, R.~E. and {Gurnee}, R.~S. and {Hayes}, J.~R. and {Hill}, M.~E. and {Kasper}, J.~C. and {Kecman}, B. and {Klemic}, J. and {Krimigis}, S.~M. and {Labrador}, A.~W. and {Layman}, R.~S. and {Leske}, R.~A. and {Livi}, S. and {Matthaeus}, W.~H. and {McNutt}, R.~L. and {Mewaldt}, R.~A. and {Mitchell}, D.~G. and {Nelson}, K.~S. and {Parker}, C. and {Rankin}, J.~S. and {Roelof}, E.~C. and {Schwadron}, N.~A. and {Seifert}, H. and {Shuman}, S. and {Stokes}, M.~R. and {Stone}, E.~C. and {Vandegriff}, J.~D. and {Velli}, M. and {von Rosenvinge}, T.~T. and {Weidner}, S.~E. and {Wiedenbeck}, M.~E. and {Wilson}, P.},
    title = "{Integrated Science Investigation of the Sun (ISIS): Design of the Energetic Particle Investigation}",
  journal = {\ssr},
 keywords = {Solar Probe Plus, ISIS, Solar energetic particles, SEPs, CMEs, Corona, Particle acceleration},
     year = 2016,
    month = dec,
   volume = 204,
    pages = {187-256},
      doi = {10.1007/s11214-014-0059-1},
   adsurl = {http://adsabs.harvard.edu/abs/2016SSRv..204..187M},
  adsnote = {Provided by the SAO/NASA Astrophysics Data System}
}

@ARTICLE{McGregor2011a,
   author = {{McGregor}, S.~L. and {Hughes}, W.~J. and {Arge}, C.~N. and {Owens}, M.~J. and {Odstrcil}, D.},
    title = "{The distribution of solar wind speeds during solar minimum: Calibration for numerical solar wind modeling constraints on the source of the slow solar wind}",
  journal = {Journal of Geophysical Research (Space Physics)},
 keywords = {Space Weather: Models, Space Weather: Forecasting (1922, 2722, 4315), Solar Physics, Astrophysics, and Astronomy: Corona, and Astronomy: Magnetic fields, solar wind, modeling, forecasting, corona},
     year = 2011,
    month = mar,
   volume = 116,
      eid = {A03101},
    pages = {A03101},
      doi = {10.1029/2010JA015881},
   adsurl = {http://adsabs.harvard.edu/abs/2011JGRA..116.3101M},
  adsnote = {Provided by the SAO/NASA Astrophysics Data System}
}

@ARTICLE{McGregor2011b,
   author = {{McGregor}, S.~L. and {Hughes}, W.~J. and {Arge}, C.~N. and {Odstrcil}, D. and {Schwadron}, N.~A.},
    title = "{The radial evolution of solar wind speeds}",
  journal = {Journal of Geophysical Research (Space Physics)},
 keywords = {Solar Physics, Astrophysics, and Astronomy: General or miscellaneous, Space Weather: Models, solar wind, ionic charge states},
     year = 2011,
    month = mar,
   volume = 116,
      eid = {A03106},
    pages = {A03106},
      doi = {10.1029/2010JA016006},
   adsurl = {http://adsabs.harvard.edu/abs/2011JGRA..116.3106M},
  adsnote = {Provided by the SAO/NASA Astrophysics Data System}
}

@ARTICLE{Muller2013,
   author = {{M{\"u}ller}, D. and {Marsden}, R.~G. and {St.~Cyr}, O.~C. and {Gilbert}, H.~R.},
    title = "{Solar Orbiter . Exploring the Sun-Heliosphere Connection}",
  journal = {\solphys},
archivePrefix = "arXiv",
   eprint = {1207.4579},
 primaryClass = "astro-ph.SR",
 keywords = {Sun, Heliosphere, Corona, Dynamics, Magnetic fields},
     year = 2013,
    month = jul,
   volume = 285,
    pages = {25-70},
      doi = {10.1007/s11207-012-0085-7},
   adsurl = {http://adsabs.harvard.edu/abs/2013SoPh..285...25M},
  adsnote = {Provided by the SAO/NASA Astrophysics Data System}
}

@ARTICLE{Neugebauer1966,
   author = {{Neugebauer}, M. and {Snyder}, C.~W.},
    title = "{Mariner 2 Observations of the Solar Wind, 1, Average Properties}",
  journal = {\jgr},
     year = 1966,
    month = oct,
   volume = 71,
    pages = {4469},
      doi = {10.1029/JZ071i019p04469},
   adsurl = {http://adsabs.harvard.edu/abs/1966JGR....71.4469N},
  adsnote = {Provided by the SAO/NASA Astrophysics Data System}
}

@ARTICLE{Ogilvie1995,
   author = {{Ogilvie}, K.~W. and {Chornay}, D.~J. and {Fritzenreiter}, R.~J. and {Hunsaker}, F. and {Keller}, J. and {Lobell}, J. and {Miller}, G. and {Scudder}, J.~D. and {Sittler}, Jr., E.~C. and {Torbert}, R.~B. and {Bodet}, D. and {Needell}, G. and {Lazarus}, A.~J. and {Steinberg}, J.~T. and {Tappan}, J.~H. and {Mavretic}, A. and {Gergin}, E.},
    title = "{SWE, A Comprehensive Plasma Instrument for the Wind Spacecraft}",
  journal = {\ssr},
     year = 1995,
    month = feb,
   volume = 71,
    pages = {55-77},
      doi = {10.1007/BF00751326},
   adsurl = {http://adsabs.harvard.edu/abs/1995SSRv...71...55O},
  adsnote = {Provided by the SAO/NASA Astrophysics Data System}
}

@ARTICLE{Rosenbauer1977,
   author = {{Rosenbauer}, H. and {Schwenn}, R. and {Marsch}, E. and {Meyer}, B. and {Miggenrieder}, H. and {Montgomery}, M.~D. and {Muehlhaeuser}, K.~H. and {Pilipp}, W. and {Voges}, W. and {Zink}, S.~M.},
    title = "{A survey on initial results of the HELIOS plasma experiment}",
  journal = {Journal of Geophysics Zeitschrift Geophysik},
 keywords = {Helios 1, Plasma Diagnostics, Solar Electrons, Solar Protons, Solar Wind, Electron Distribution, Radial Distribution, Solar Corona, Solar Wind Velocity},
     year = 1977,
   volume = 42,
    pages = {561-580},
   adsurl = {http://adsabs.harvard.edu/abs/1977JGZG...42..561R},
  adsnote = {Provided by the SAO/NASA Astrophysics Data System}
}

@ARTICLE{Russell2013,
   author = {{Russell}, C.~T. and {Mewaldt}, R.~A. and {Luhmann}, J.~G. and {Mason}, G.~M. and {von Rosenvinge}, T.~T. and {Cohen}, C.~M.~S. and {Leske}, R.~A. and {Gomez-Herrero}, R. and {Klassen}, A. and {Galvin}, A.~B. and {Simunac}, K.~D.~C.},
    title = "{The Very Unusual Interplanetary Coronal Mass Ejection of 2012 July 23: A Blast Wave Mediated by Solar Energetic Particles}",
  journal = {\apj},
 keywords = {acceleration of particles, solar-terrestrial relations, solar wind, Sun: coronal mass ejections: CMEs, Sun: flares },
     year = 2013,
    month = jun,
   volume = 770,
      eid = {38},
    pages = {38},
      doi = {10.1088/0004-637X/770/1/38},
   adsurl = {http://adsabs.harvard.edu/abs/2013ApJ...770...38R},
  adsnote = {Provided by the SAO/NASA Astrophysics Data System}
}

@ARTICLE{Sachdeva2017,
   author = {{Sachdeva}, N. and {Subramanian}, P. and {Vourlidas}, A. and {Bothmer}, V.},
    title = "{CME Dynamics Using STEREO and LASCO Observations: The Relative Importance of Lorentz Forces and Solar Wind Drag}",
  journal = {\solphys},
archivePrefix = "arXiv",
   eprint = {1705.04871},
 primaryClass = "astro-ph.SR",
 keywords = {Coronal mass ejections, Initiation, Propagation},
     year = 2017,
    month = sep,
   volume = 292,
      eid = {118},
    pages = {118},
      doi = {10.1007/s11207-017-1137-9},
   adsurl = {http://adsabs.harvard.edu/abs/2017SoPh..292..118S},
  adsnote = {Provided by the SAO/NASA Astrophysics Data System}
}

@ARTICLE{Sanchez-Diaz2016,
   author = {{Sanchez-Diaz}, E. and {Rouillard}, A.~P. and {Lavraud}, B. and {Segura}, K. and {Tao}, C. and {Pinto}, R. and {Sheeley}, N.~R. and {Plotnikov}, I.},
    title = "{The very slow solar wind: Properties, origin and variability}",
  journal = {Journal of Geophysical Research (Space Physics)},
 keywords = {slow solar wind, helium abundance, Helios, heliospheric plasma sheet},
     year = 2016,
    month = apr,
   volume = 121,
    pages = {2830-2841},
      doi = {10.1002/2016JA022433},
   adsurl = {http://adsabs.harvard.edu/abs/2016JGRA..121.2830S},
  adsnote = {Provided by the SAO/NASA Astrophysics Data System}
}

@ARTICLE{Sheeley1985,
   author = {{Sheeley}, Jr., N.~R. and {Howard}, R.~A. and {Michels}, D.~J. and {Koomen}, M.~J. and {Schwenn}, R. and {Muehlhaeuser}, K.~H. and {Rosenbauer}, H.},
    title = "{Coronal mass ejections and interplanetary shocks}",
  journal = {\jgr},
 keywords = {Interplanetary Space, Shock Wave Propagation, Solar Corona, Solar Flares, Stellar Mass Ejection, Helios Satellites, Radio Bursts, Solar Limb},
     year = 1985,
    month = jan,
   volume = 90,
    pages = {163-175},
      doi = {10.1029/JA090iA01p00163},
   adsurl = {http://adsabs.harvard.edu/abs/1985JGR....90..163S},
  adsnote = {Provided by the SAO/NASA Astrophysics Data System}
}

@ARTICLE{sidc,
   author = {{SILSO World Data Center}},
  address = {Royal Observatory of Belgium, Ringlaan 3, 1180 Brussel, Belgium},
    title = "{The International Sunspot Number}",
  journal = {International Sunspot Number Monthly Bulletin and online catalogue},
     year = {1963--2016},
    month = {},
   volume = {},
    pages = {},
   adsurl = {http://www.sidc.be/silso/,},
  adsnote = {}
}

@INPROCEEDINGS{Smith2003,
   author = {{Smith}, E.~J. and {Balogh}, A.},
    title = "{Open Magnetic Flux: Variation with Latitude and Solar Cycle}",
 keywords = {Particle emission solar wind, Interplanetary magnetic fields, Solar wind plasma, sources of solar wind},
booktitle = {Solar Wind Ten},
     year = 2003,
   series = {American Institute of Physics Conference Series},
   volume = 679,
   editor = {{Velli}, M. and {Bruno}, R. and {Malara}, F. and {Bucci}, B.},
    month = sep,
    pages = {67-70},
      doi = {10.1063/1.1618543},
   adsurl = {http://adsabs.harvard.edu/abs/2003AIPC..679...67S},
  adsnote = {Provided by the SAO/NASA Astrophysics Data System}
}

@ARTICLE{Stone1998,
   author = {{Stone}, E.~C. and {Frandsen}, A.~M. and {Mewaldt}, R.~A. and {Christian}, E.~R. and {Margolies}, D. and {Ormes}, J.~F. and {Snow}, F.},
    title = "{The Advanced Composition Explorer}",
  journal = {\ssr},
     year = 1998,
    month = jul,
   volume = 86,
    pages = {1-22},
      doi = {10.1023/A:1005082526237},
   adsurl = {http://adsabs.harvard.edu/abs/1998SSRv...86....1S},
  adsnote = {Provided by the SAO/NASA Astrophysics Data System}
}

@ARTICLE{Veselovsky2010,
   author = {{Veselovsky}, I.~S. and {Dmitriev}, A.~V. and {Suvorova}, A.~V.},
    title = "{Algebra and statistics of the solar wind}",
  journal = {Cosmic Research},
     year = 2010,
    month = apr,
   volume = 48,
    pages = {113-128},
      doi = {10.1134/S0010952510020012},
   adsurl = {http://adsabs.harvard.edu/abs/2010CosRe..48..113V},
  adsnote = {Provided by the SAO/NASA Astrophysics Data System}
}

@ARTICLE{Vourlidas2016,
   author = {{Vourlidas}, A. and {Howard}, R.~A. and {Plunkett}, S.~P. and {Korendyke}, C.~M. and {Thernisien}, A.~F.~R. and {Wang}, D. and {Rich}, N. and {Carter}, M.~T. and {Chua}, D.~H. and {Socker}, D.~G. and {Linton}, M.~G. and {Morrill}, J.~S. and {Lynch}, S. and {Thurn}, A. and {Van Duyne}, P. and {Hagood}, R. and {Clifford}, G. and {Grey}, P.~J. and {Velli}, M. and {Liewer}, P.~C. and {Hall}, J.~R. and {DeJong}, E.~M. and {Mikic}, Z. and {Rochus}, P. and {Mazy}, E. and {Bothmer}, V. and {Rodmann}, J.},
    title = "{The Wide-Field Imager for Solar Probe Plus (WISPR)}",
  journal = {\ssr},
 keywords = {Solar probe plus, Heliospheric imager, Solar corona, Solar wind, Imaging, Thomson scattering},
     year = 2016,
    month = dec,
   volume = 204,
    pages = {83-130},
      doi = {10.1007/s11214-014-0114-y},
   adsurl = {http://adsabs.harvard.edu/abs/2016SSRv..204...83V},
  adsnote = {Provided by the SAO/NASA Astrophysics Data System}
}

@ARTICLE{Wang2000,
   author = {{Wang}, Y.-M. and {Sheeley}, N.~R. and {Socker}, D.~G. and {Howard}, R.~A. and {Rich}, N.~B.},
    title = "{The dynamical nature of coronal streamers}",
  journal = {\jgr},
 keywords = {Solar Physics, Astrophysics, and Astronomy},
     year = 2000,
    month = nov,
   volume = 105,
    pages = {25133-25142},
      doi = {10.1029/2000JA000149},
   adsurl = {http://adsabs.harvard.edu/abs/2000JGR...10525133W},
  adsnote = {Provided by the SAO/NASA Astrophysics Data System}
}










@ARTICLE{Cane2003,
   author = {{Cane}, H.~V. and {Richardson}, I.~G.},
    title = "{Interplanetary coronal mass ejections in the near-Earth solar wind during 1996-2002}",
  journal = {Journal of Geophysical Research (Space Physics)},
 keywords = {Interplanetary Physics: Ejecta, driver gases, and magnetic clouds, Solar Physics, Astrophysics, and Astronomy: Coronal mass ejections, Interplanetary Physics: Interplanetary shocks, Interplanetary Physics: Solar cycle variations (7536), interplanetary coronal mass ejections, coronal mass ejections, solar wind, magnetic clouds, solar cycle variation},
     year = 2003,
    month = apr,
   volume = 108,
      eid = {1156},
    pages = {1156},
      doi = {10.1029/2002JA009817},
   adsurl = {http://adsabs.harvard.edu/abs/2003JGRA..108.1156C},
  adsnote = {Provided by the SAO/NASA Astrophysics Data System}
}

@ARTICLE{Carrington1859,
   author = {{Carrington}, R.~C.},
    title = "{Description of a Singular Appearance seen in the Sun on September 1, 1859}",
  journal = {\mnras},
     year = 1859,
    month = nov,
   volume = 20,
    pages = {13-15},
      doi = {10.1093/mnras/20.1.13},
   adsurl = {http://adsabs.harvard.edu/abs/1859MNRAS..20...13C},
  adsnote = {Provided by the SAO/NASA Astrophysics Data System}
}

@ARTICLE{Machol2013,
   author = {{Machol}, J.~L. and {Reinard}, A.~A. and {Viereck}, R.~A. and 	{Biesecker}, D.~A.},
    title = "{Identification and replacement of proton-contaminated real-time ACE solar wind measurements}",
  journal = {Space Weather},
 keywords = {solar wind measurements, ACE satellite, space weather, space radiation environment},
     year = 2013,
    month = jul,
   volume = 11,
    pages = {434-440},
      doi = {10.1002/swe.20070},
   adsurl = {http://adsabs.harvard.edu/abs/2013SpWea..11..434M},
  adsnote = {Provided by the SAO/NASA Astrophysics Data System}
}

@ARTICLE{Richardson2010,
   author = {{Richardson}, I.~G. and {Cane}, H.~V.},
    title = "{Near-Earth Interplanetary Coronal Mass Ejections During Solar Cycle 23 (1996 - 2009): Catalog and Summary of Properties}",
  journal = {\solphys},
 keywords = {Coronal mass ejections, Interplanetary coronal mass ejections, Interplanetary magnetic field, Magnetic clouds, Solar wind plasma},
     year = 2010,
    month = jun,
   volume = 264,
    pages = {189-237},
      doi = {10.1007/s11207-010-9568-6},
   adsurl = {http://adsabs.harvard.edu/abs/2010SoPh..264..189R},
  adsnote = {Provided by the SAO/NASA Astrophysics Data System}
}

@ARTICLE{Rotter2012,
   author = {{Rotter}, T. and {Veronig}, A.~M. and {Temmer}, M. and {Vr{\v s}nak}, B.},
    title = "{Relation Between Coronal Hole Areas on the Sun and the Solar Wind Parameters at 1 AU}",
  journal = {\solphys},
 keywords = {Coronal holes, Solar wind},
     year = 2012,
    month = dec,
   volume = 281,
    pages = {793-813},
      doi = {10.1007/s11207-012-0101-y},
   adsurl = {http://adsabs.harvard.edu/abs/2012SoPh..281..793R},
  adsnote = {Provided by the SAO/NASA Astrophysics Data System}
}

@INBOOK{Russell2007,
   author = {{Russell}, C.~T.},
    title = "{The coupling of the solar wind to the Earth's magnetosphere}",
 keywords = {Physics},
booktitle = {Space Weather- Physics and Effects},
     year = 2007,
   editor = {{Bothmer}, V. and {Daglis}, I.~A.},
    pages = {103},
      doi = {10.1007/978-3-540-34578-7_4},
   adsurl = {http://adsabs.harvard.edu/abs/2007swpe.book..103R},
  adsnote = {Provided by the SAO/NASA Astrophysics Data System}
}

@ARTICLE{Temmer2015,
   author = {{Temmer}, M. and {Nitta}, N.~V.},
    title = "{Interplanetary Propagation Behavior of the Fast Coronal Mass Ejection on 23 July 2012}",
  journal = {\solphys},
archivePrefix = "arXiv",
   eprint = {1411.6559},
 primaryClass = "astro-ph.SR",
 keywords = {Coronal mass ejections: initiation and propagation, Coronal mass ejections: interplanetary, Flares: impulsive phase},
     year = 2015,
    month = mar,
   volume = 290,
    pages = {919-932},
      doi = {10.1007/s11207-014-0642-3},
   adsurl = {http://adsabs.harvard.edu/abs/2015SoPh..290..919T},
  adsnote = {Provided by the SAO/NASA Astrophysics Data System}
}

@ARTICLE{Vrsnak2007,
   author = {{Vr{\v s}nak}, B. and {Temmer}, M. and {Veronig}, A.~M.},
    title = "{Coronal Holes and Solar Wind High-Speed Streams: I. Forecasting the Solar Wind Parameters}",
  journal = {\solphys},
     year = 2007,
    month = feb,
   volume = 240,
    pages = {315-330},
      doi = {10.1007/s11207-007-0285-8},
   adsurl = {http://adsabs.harvard.edu/abs/2007SoPh..240..315V},
  adsnote = {Provided by the SAO/NASA Astrophysics Data System}
}


