
INCOLLECTION{Bartels1957,
   author = {{Bartels}, J.},
   editor = {CSAGI},
    title = "{The geomagnetic measures for the time-variations of solar corpuscular radiation, described for use in correlation studies in other geophysical fields.}",
booktitle = {Geomagnetism},
publisher = {Pergamon Press},
     year = 1957,
   volume = 4,
    pages = {227-236},
   series = {Annals of the IGY},
     isbn = {978-1-4832-1304-0},
      doi = "http://dx.doi.org/10.1016/B978-1-4832-1304-0.50007-5",
      url = {http://www.sciencedirect.com/science/article/pii/B9781483213040500075}
}

PHDTHESIS{Bothmer1993,
   author = {{Bothmer}, V.},
    title = {{Die Struktur magnetischer Wolken im Sonnenwind: Zusammenhang mit eruptiven Protuberanzen und Einflu\ss{} auf die Magnetosph\"are der Erde}},
     year = {1993},
     date = {1993},
   school = {Georg-August-Universit\"at G\"ottingen},
      url = {http://hdl.handle.net/11858/00-001M-0000-0014-F2C4-2},
}

@BOOK{Carrington1863,
   author = {{Carrington}, R.~C.},
publisher = {Williams and Norgate, London},
    title = {Observations of the Spots on the Sun from November 9, 1853 to March 24, 1861 made at Redhill},
     year = 1863,
      url = {https://archive.org/stream/observationsofsp00carr#page/12}
}

@BOOK{Bronstein2000,
   author = {Ilja N. {Bronstein} and Konstantin A. {Semendjajew} and Gerhard {Musiol} and Heiner {M\"uhlig}},
publisher = {Verlag Harri Deutsch},
    title = {Taschenbuch der Mathematik},
     year = 2000,
     isbn = {3-8171-2015-X},
      url = {https://books.google.de/books?id=zCKyuQAACAAJ}
}

@BOOK{Davies1990,
    author = {Kenneth Davies},
   affiliation = {Space Environment Laboratory},
   keywords = {high-frequency propagation predictions;radio soundings;oblique propagation;ionospheric disturbances;extremely low frequency;ionospheric radio;radio communication;plasma characteristics;earth-space propagation;ionospheric modification;onosphere morphology;solar-terrestrial relationships;wave characteristics;magnetoionic theory;},
      title = {Ionospheric Radio},
      publisher = {Institution of Engineering and Technology},
      year = {1990},
      series = {Electromagnetic Waves},
      doi = {10.1049/PBEW031E},
      url = {http://digital-library.theiet.org/content/books/ew/pbew031e}
}

@INBOOK{Dungey1963,
     author = {{Dungey}, J.~W.},
      title = {The structure of the exosphere or advances in velocity space},
  booktitle = {Geophysics: The Earth's Environment},
  publisher = {Gordon and Breach, New York},
       year = {1963},
     editor = {{DeWitt}, C. and {Hieblot}, J. and {Lebeau}, A.},
      pages = {505--550},
     adsurl = {http://adsabs.harvard.edu/abs/1963gege.conf.....D}
}

@TECHREPORT{GUM2008,
     author = {{Joint Committee for Guides in Metrology}},
      title = {JCGM 100: Evaluation of Measurement Data - Guide to the Expression of Uncertainty in Measurement},
institution = {JCGM},
       year = {2008},
        url = {https://www.bipm.org/en/publications/guides/gum.html}
}

@book{Hanssen1965,
    author = {{Hanssen}, A.~W. and {Kuipers}, W.~J.~A.},
 publisher = {Staatsdrukkerij- en Uitgeverijbedrijf, 'S-Gravenhage},
     title = "{On the Relationship Between the Frequency of Rain and Various Meteorological Parameters: (With reference to the problem of objective forecasting)}",
    series = {Koninklijk Nederlands Meterologisch Instituut. Mededelingen en Verhandelingen, no. 81},
      year = {1965},
     pages = {72},
       url = {http://bibliotheek.knmi.nl/publicatiemetnr101.html},
      url2 = {http://bibliotheek.knmi.nl/knmipubmetnummer/knmipub102-81.pdf}
}

@INBOOK{Hughes1995,
   author = {{Hughes}, W.~J.},
publisher = {Cambridge University Press, Cambridge},
    title = "{Chapter 9: The magnetopause, magnetotail, and magnetic reconnection}",
booktitle = {Introduction to Space Physics},
     year = 1995,
   editor = {M. Kivelson and C. Russell},
    pages = {227-287},
     isbn = {0521451043},
   adsurl = {http://adsabs.harvard.edu/abs/1995isp..book.....K},
  adsnote = {Provided by the SAO/NASA Astrophysics Data System}
}

@BOOK{Kivelson1995,
   author = {{Kivelson}, M.~G. and {Russell}, C.~T.},
publisher = {Cambridge University Press, Cambridge},
    title = "{Introduction to Space Physics}",
booktitle = {Introduction to Space Physics},
     year = 1995,
   editor = {M. Kivelson and C. Russell},
    month = apr,
    pages = {586},
     isbn = {0521451043},
   adsurl = {http://adsabs.harvard.edu/abs/1995isp..book.....K},
  adsnote = {Provided by the SAO/NASA Astrophysics Data System}
}

@MISC{Sugiura1991,
   author = {{{Sugiura}}, Masahisa and {Kamei}, T.},
    title = "{Equatorial Dst Index 1957--1986}",
howpublished = {IAGA Bulletin No. 40},
publisher = {ISGI Publ. Off., Saint. Maur-des-Fosses, France},
   editor = {A. Berthelier and M. Menvielle},
     year = {1991},
      url = {http://www.iaga-aiga.org/publications/bulletins/},
     url2 = {http://wdc.kugi.kyoto-u.ac.jp/dstdir/dst2/onDstindex.html}
}

@BOOK{USNAO2017,
  title="{Astronomical Almanac for the Year 2018 and Its Companion, the Astronomical Almanac Online}",
  author={{U.S. Nautical Almanac Office}},
  isbn={9780707741772},
  series={Astronomical Almanac For the Year},
  url={https://books.google.de/books?id=0MfIjwEACAAJ},
  year={2017},
  publisher={U.S. Government Publishing Office}
}

@ARTICLE{Vanselow2017,
    title = {Solar storms may trigger sperm whale strandings: explanation approaches for multiple strandings in the North Sea in 2016},
      doi = {10.1017/S147355041700026X},
  journal = {International Journal of Astrobiology},
publisher = {Cambridge University Press},
   author = {Vanselow, Klaus Heinrich and Jacobsen, Sven and Hall, Chris and Garthe, Stefan},
     year = {2017},
    pages = {1â€“9}
}
