% This file was created (with JabRef 2.6.), now manually
% Encoding: UTF-8

INCOLLECTION{Bartels1957,
   author = {{Bartels}, J.},
   editor = {CSAGI},
    title = "{The geomagnetic measures for the time-variations of solar corpuscular radiation, described for use in correlation studies in other geophysical fields.}",
booktitle = {Geomagnetism},
publisher = {Pergamon Press},
     year = 1957,
   volume = 4,
    pages = {227-236},
   series = {Annals of the IGY},
     isbn = {978-1-4832-1304-0},
      doi = "http://dx.doi.org/10.1016/B978-1-4832-1304-0.50007-5",
      url = {http://www.sciencedirect.com/science/article/pii/B9781483213040500075}
}

@PHDTHESIS{Bothmer1993,
   author = {{Bothmer}, V.},
    title = {{Die Struktur magnetischer Wolken im Sonnenwind: Zusammenhang mit eruptiven Protuberanzen und Einflu\ss{} auf die Magnetosph\"are der Erde}},
     year = {1993},
     date = {1993},
   school = {Georg-August-Universit\"at G\"ottingen},
      url = {http://hdl.handle.net/11858/00-001M-0000-0014-F2C4-2},
}

@BOOK{Bronstein2000,
   author = {Ilja N. Bronstein and Konstantin A. Semendjajew and Gerhard Musiol and Heiner M\"uhlig},
publisher = {Verlag Harri Deutsch},
    title = {Taschenbuch der Mathematik},
     year = 2000,
     isbn = {3-8171-2015-X},
      url = {https://books.google.de/books?id=zCKyuQAACAAJ}
}

@BOOK{Kivelson1995,
   author = {{Kivelson}, M.~G. and {Russell}, C.~T.},
publisher = {Cambridge University Press},
    title = "{Introduction to Space Physics}",
booktitle = {Introduction to Space Physics, Edited by Margaret G.~Kivelson and Christopher T.~Russell, pp.~586.~ISBN 0521451043.~Cambridge, UK: Cambridge University Press, April 1995.},
     year = 1995,
    month = apr,
   adsurl = {http://adsabs.harvard.edu/abs/1995isp..book.....K},
  adsnote = {Provided by the SAO/NASA Astrophysics Data System}
}
