@ARTICLE{Bartels1962,
   author = {{Bartels}, J.},
    title = "{Zur Vorgeschichte der Weltraumforschung}",
  journal = {Naturwissenschaften},
     year = 1962,
    month = jul,
   volume = 49,
    pages = {313-323},
      doi = {10.1007/BF00602195},
   adsurl = {http://adsabs.harvard.edu/abs/1962NW.....49..313B},
  adsnote = {Provided by the SAO/NASA Astrophysics Data System}
}

@PHDTHESIS{Bothmer1993,
   author = {{Bothmer}, V.},
    title = {{Die Struktur magnetischer Wolken im Sonnenwind: Zusammenhang mit eruptiven Protuberanzen und Einflu\ss{} auf die Magnetosph\"are der Erde}},
     year = {1993},
     date = {1993},
   school = {Georg-August-Universit\"at G\"ottingen},
      url = {http://hdl.handle.net/11858/00-001M-0000-0014-F2C4-2},
}

@ARTICLE{Cane2003,
   author = {{Cane}, H.~V. and {Richardson}, I.~G.},
    title = "{Interplanetary coronal mass ejections in the near-Earth solar wind during 1996-2002}",
  journal = {Journal of Geophysical Research (Space Physics)},
 keywords = {Interplanetary Physics: Ejecta, driver gases, and magnetic clouds, Solar Physics, Astrophysics, and Astronomy: Coronal mass ejections, Interplanetary Physics: Interplanetary shocks, Interplanetary Physics: Solar cycle variations (7536), interplanetary coronal mass ejections, coronal mass ejections, solar wind, magnetic clouds, solar cycle variation},
     year = 2003,
    month = apr,
   volume = 108,
      eid = {1156},
    pages = {1156},
      doi = {10.1029/2002JA009817},
   adsurl = {http://adsabs.harvard.edu/abs/2003JGRA..108.1156C},
  adsnote = {Provided by the SAO/NASA Astrophysics Data System}
}

@ARTICLE{Carrington1859,
   author = {{Carrington}, R.~C.},
    title = "{Description of a Singular Appearance seen in the Sun on September 1, 1859}",
  journal = {\mnras},
     year = 1859,
    month = nov,
   volume = 20,
    pages = {13-15},
      doi = {10.1093/mnras/20.1.13},
   adsurl = {http://adsabs.harvard.edu/abs/1859MNRAS..20...13C},
  adsnote = {Provided by the SAO/NASA Astrophysics Data System}
}

@ARTICLE{Elliott2013,
   author = {{Elliott}, H.~A. and {Jahn}, J.-M. and {McComas}, D.~J.},
    title = "{The Kp index and solar wind speed relationship: Insights for improving space weather forecasts}",
  journal = {Space Weather},
 keywords = {space weather forecasts, Kp, solar wind speed},
     year = 2013,
    month = jun,
   volume = 11,
    pages = {339-349},
      doi = {10.1002/swe.20053},
   adsurl = {http://adsabs.harvard.edu/abs/2013SpWea..11..339E},
  adsnote = {Provided by the SAO/NASA Astrophysics Data System}
}

@ARTICLE{Feldman1978,
   author = {{Feldman}, W.~C. and {Asbridge}, J.~R. and {Bame}, S.~J. and 	{Gosling}, J.~T.},
    title = "{Long-term variations of selected solar wind properties - IMP 6, 7, and 8 results}",
  journal = {\jgr},
 keywords = {Abundance, Helium, Imp, Periodic Variations, Satellite Observation, Solar Wind Velocity, Hydrogen, Long Term Effects, Particle Flux Density, Plasma Temperature, Proton Energy, Solar Corona, Solar Cycles},
     year = 1978,
    month = may,
   volume = 83,
    pages = {2177-2189},
      doi = {10.1029/JA083iA05p02177},
   adsurl = {http://adsabs.harvard.edu/abs/1978JGR....83.2177F},
  adsnote = {Provided by the SAO/NASA Astrophysics Data System}
}

@ARTICLE{Kasper2012,
   author = {{Kasper}, J.~C. and {Stevens}, M.~L. and {Korreck}, K.~E. and 	{Maruca}, B.~A. and {Kiefer}, K.~K. and {Schwadron}, N.~A. and 	{Lepri}, S.~T.},
    title = "{Evolution of the Relationships between Helium Abundance, Minor Ion Charge State, and Solar Wind Speed over the Solar Cycle}",
  journal = {\apj},
 keywords = {acceleration of particles, interplanetary medium, plasmas, Sun: abundances, Sun: corona, Sun: fundamental parameters},
     year = 2012,
    month = feb,
   volume = 745,
      eid = {162},
    pages = {162},
      doi = {10.1088/0004-637X/745/2/162},
   adsurl = {http://adsabs.harvard.edu/abs/2012ApJ...745..162K},
  adsnote = {Provided by the SAO/NASA Astrophysics Data System}
}

@ARTICLE{Machol2013,
   author = {{Machol}, J.~L. and {Reinard}, A.~A. and {Viereck}, R.~A. and 	{Biesecker}, D.~A.},
    title = "{Identification and replacement of proton-contaminated real-time ACE solar wind measurements}",
  journal = {Space Weather},
 keywords = {solar wind measurements, ACE satellite, space weather, space radiation environment},
     year = 2013,
    month = jul,
   volume = 11,
    pages = {434-440},
      doi = {10.1002/swe.20070},
   adsurl = {http://adsabs.harvard.edu/abs/2013SpWea..11..434M},
  adsnote = {Provided by the SAO/NASA Astrophysics Data System}
}

@ARTICLE{Richardson2000,
   author = {{Richardson}, I.~G. and {Cliver}, E.~W. and {Cane}, H.~V.},
    title = "{Sources of geomagnetic activity over the solar cycle: Relative importance of coronal mass ejections, high-speed streams, and slow solar wind}",
  journal = {\jgr},
 keywords = {Interplanetary Physics: Corotating streams, Interplanetary Physics: Ejecta, driver gases, and magnetic clouds, Interplanetary Physics: Solar cycle variations, Magnetospheric Physics: Storms and substorms},
     year = 2000,
    month = aug,
   volume = 105,
    pages = {18203},
      doi = {10.1029/1999JA000400},
   adsurl = {http://adsabs.harvard.edu/abs/2000JGR...10518203R},
  adsnote = {Provided by the SAO/NASA Astrophysics Data System}
}

@ARTICLE{Richardson2010,
   author = {{Richardson}, I.~G. and {Cane}, H.~V.},
    title = "{Near-Earth Interplanetary Coronal Mass Ejections During Solar Cycle 23 (1996 - 2009): Catalog and Summary of Properties}",
  journal = {\solphys},
 keywords = {Coronal mass ejections, Interplanetary coronal mass ejections, Interplanetary magnetic field, Magnetic clouds, Solar wind plasma},
     year = 2010,
    month = jun,
   volume = 264,
    pages = {189-237},
      doi = {10.1007/s11207-010-9568-6},
   adsurl = {http://adsabs.harvard.edu/abs/2010SoPh..264..189R},
  adsnote = {Provided by the SAO/NASA Astrophysics Data System}
}

@ARTICLE{Richardson2012,
   author = {{Richardson}, I.~G. and {Cane}, H.~V.},
    title = "{Near-earth solar wind flows and related geomagnetic activity during more than four solar cycles (1963-2011)}",
  journal = {Journal of Space Weather and Space Climate},
 keywords = {Stream, Solar cycle, Interplanetary Coronal Mass Ejection (CME), Interplanetary medium},
     year = 2012,
    month = may,
   volume = 2,
   number = 27,
      eid = {A02},
    pages = {A2},
      doi = {10.1051/swsc/2012003},
   adsurl = {http://adsabs.harvard.edu/abs/2012JSWSC...2A..02R},
  adsnote = {Provided by the SAO/NASA Astrophysics Data System}
}

@ARTICLE{Rotter2012,
   author = {{Rotter}, T. and {Veronig}, A.~M. and {Temmer}, M. and {Vr{\v s}nak}, B.},
    title = "{Relation Between Coronal Hole Areas on the Sun and the Solar Wind Parameters at 1 AU}",
  journal = {\solphys},
 keywords = {Coronal holes, Solar wind},
     year = 2012,
    month = dec,
   volume = 281,
    pages = {793-813},
      doi = {10.1007/s11207-012-0101-y},
   adsurl = {http://adsabs.harvard.edu/abs/2012SoPh..281..793R},
  adsnote = {Provided by the SAO/NASA Astrophysics Data System}
}

@INBOOK{Russell2007,
   author = {{Russell}, C.~T.},
    title = "{The coupling of the solar wind to the Earth's magnetosphere}",
 keywords = {Physics},
booktitle = {Space Weather- Physics and Effects},
     year = 2007,
   editor = {{Bothmer}, V. and {Daglis}, I.~A.},
    pages = {103},
      doi = {10.1007/978-3-540-34578-7_4},
   adsurl = {http://adsabs.harvard.edu/abs/2007swpe.book..103R},
  adsnote = {Provided by the SAO/NASA Astrophysics Data System}
}

@ARTICLE{Russell2013,
   author = {{Russell}, C.~T. and {Mewaldt}, R.~A. and {Luhmann}, J.~G. and {Mason}, G.~M. and {von Rosenvinge}, T.~T. and {Cohen}, C.~M.~S. and {Leske}, R.~A. and {Gomez-Herrero}, R. and {Klassen}, A. and {Galvin}, A.~B. and {Simunac}, K.~D.~C.},
    title = "{The Very Unusual Interplanetary Coronal Mass Ejection of 2012 July 23: A Blast Wave Mediated by Solar Energetic Particles}",
  journal = {\apj},
 keywords = {acceleration of particles, solar-terrestrial relations, solar wind, Sun: coronal mass ejections: CMEs, Sun: flares },
     year = 2013,
    month = jun,
   volume = 770,
      eid = {38},
    pages = {38},
      doi = {10.1088/0004-637X/770/1/38},
   adsurl = {http://adsabs.harvard.edu/abs/2013ApJ...770...38R},
  adsnote = {Provided by the SAO/NASA Astrophysics Data System}
}

@INPROCEEDINGS{Schwenn1983,
   author = {{Schwenn}, R.},
    title = "{The average solar wind in the inner heliosphere: Structures and slow variations}",
 keywords = {Helios 1, Helios 2, Heliosphere, Solar Cycles, Solar Wind, Solar Wind Velocity, Estimates, Shock Waves, Solar Corona, Variations},
booktitle = {NASA Conference Publication},
     year = 1983,
   series = {NASA Conference Publication},
   volume = 228,
    month = nov,
   adsurl = {http://adsabs.harvard.edu/abs/1983NASCP.2280.489S},
  adsnote = {Provided by the SAO/NASA Astrophysics Data System}
}

@ARTICLE{Temmer2015,
   author = {{Temmer}, M. and {Nitta}, N.~V.},
    title = "{Interplanetary Propagation Behavior of the Fast Coronal Mass Ejection on 23 July 2012}",
  journal = {\solphys},
archivePrefix = "arXiv",
   eprint = {1411.6559},
 primaryClass = "astro-ph.SR",
 keywords = {Coronal mass ejections: initiation and propagation, Coronal mass ejections: interplanetary, Flares: impulsive phase},
     year = 2015,
    month = mar,
   volume = 290,
    pages = {919-932},
      doi = {10.1007/s11207-014-0642-3},
   adsurl = {http://adsabs.harvard.edu/abs/2015SoPh..290..919T},
  adsnote = {Provided by the SAO/NASA Astrophysics Data System}
}

@ARTICLE{Vrsnak2007,
   author = {{Vr{\v s}nak}, B. and {Temmer}, M. and {Veronig}, A.~M.},
    title = "{Coronal Holes and Solar Wind High-Speed Streams: I. Forecasting the Solar Wind Parameters}",
  journal = {\solphys},
     year = 2007,
    month = feb,
   volume = 240,
    pages = {315-330},
      doi = {10.1007/s11207-007-0285-8},
   adsurl = {http://adsabs.harvard.edu/abs/2007SoPh..240..315V},
  adsnote = {Provided by the SAO/NASA Astrophysics Data System}
}
